<?xml version="1.0" encoding="UTF-8"?>
<!DOCTYPE html PUBLIC "-//W3C//DTD XHTML 1.0 Transitional//EN"
    "http://www.w3.org/TR/xhtml1/DTD/xhtml1-transitional.dtd">
<html xmlns="http://www.w3.org/1999/xhtml" xml:lang="en" lang="en">
 <head>
  <title>
</title>
<meta http-equiv="Content-Type" content="text/html;charset=utf-8" />
  <meta name='ocr-system' content='tesseract 3.04.00' />
  <meta name='ocr-capabilities' content='ocr_page ocr_carea ocr_par ocr_line ocrx_word'/>
</head>
<body>
  <div class='ocr_page' id='page_1' title='image "./depindaricarmine00wiskuoft_0007.png"; bbox 0 0 2066 2870; ppageno 0'>
   <div class='ocr_carea' id='block_1_1' title="bbox 178 180 1907 2554">
    <p class='ocr_par' dir='ltr' id='par_1_1' title="bbox 185 180 1907 376">
     <span class='ocr_line' id='line_1_1' title="bbox 1038 180 1056 209; baseline 0 0"><span class='ocrx_word' id='word_1_1' title='bbox 1038 180 1056 209; x_wconf 87' lang='grc'>3</span> 
     </span>
     <span class='ocr_line' id='line_1_2' title="bbox 185 283 1907 324; baseline 0.003 -11"><span class='ocrx_word' id='word_1_2' title='bbox 185 291 245 321; x_wconf 87' lang='lat' dir='ltr'>qua</span> <span class='ocrx_word' id='word_1_3' title='bbox 266 285 357 322; x_wconf 89' lang='lat' dir='ltr'>poeta</span> <span class='ocrx_word' id='word_1_4' title='bbox 381 283 617 314; x_wconf 83' lang='lat' dir='ltr'>venustissimus</span> <span class='ocrx_word' id='word_1_5' title='bbox 637 285 756 314; x_wconf 87' lang='lat' dir='ltr'>tantum</span> <span class='ocrx_word' id='word_1_6' title='bbox 779 283 946 323; x_wconf 86' lang='lat' dir='ltr'>voluptatis</span> <span class='ocrx_word' id='word_1_7' title='bbox 969 287 1002 316; x_wconf 91' lang='lat' dir='ltr'>et</span> <span class='ocrx_word' id='word_1_8' title='bbox 1027 284 1157 324; x_wconf 81' lang='lat' dir='ltr'>percipit</span> <span class='ocrx_word' id='word_1_9' title='bbox 1185 288 1216 315; x_wconf 88' lang='lat' dir='ltr'>et</span> <span class='ocrx_word' id='word_1_10' title='bbox 1244 284 1386 324; x_wconf 83' lang='lat' dir='ltr'>praebet,</span> <span class='ocrx_word' id='word_1_11' title='bbox 1416 287 1451 316; x_wconf 89' lang='lat' dir='ltr'>ut</span> <span class='ocrx_word' id='word_1_12' title='bbox 1473 285 1568 316; x_wconf 89' lang='lat' dir='ltr'>totius</span> <span class='ocrx_word' id='word_1_13' title='bbox 1591 287 1733 318; x_wconf 84' lang='lat' dir='ltr'><strong>carminis</strong></span> <span class='ocrx_word' id='word_1_14' title='bbox 1761 296 1907 319; x_wconf 87' lang='lat' dir='ltr'>summam</span> 
     </span>
     <span class='ocr_line' id='line_1_3' title="bbox 185 335 788 376; baseline 0 -10"><span class='ocrx_word' id='word_1_15' title='bbox 185 344 252 366; x_wconf 84' lang='lat' dir='ltr'>esse</span> <span class='ocrx_word' id='word_1_16' title='bbox 275 336 466 367; x_wconf 85' lang='lat' dir='ltr'>Jamidarum</span> <span class='ocrx_word' id='word_1_17' title='bbox 488 335 608 366; x_wconf 81' lang='lat' dir='ltr'>laudern</span> <span class='ocrx_word' id='word_1_18' title='bbox 632 339 788 376; x_wconf 80' lang='lat' dir='ltr'>appareat.</span> 
     </span>
    </p>

    <p class='ocr_par' dir='ltr' id='par_1_2' title="bbox 184 388 1907 483">
     <span class='ocr_line' id='line_1_4' title="bbox 281 388 1907 431; baseline 0.003 -12"><span class='ocrx_word' id='word_1_19' title='bbox 281 388 451 419; x_wconf 89' lang='lat' dir='ltr'>Discrimen</span> <span class='ocrx_word' id='word_1_20' title='bbox 482 389 578 427; x_wconf 76' lang='lat' dir='ltr'>igitur</span> <span class='ocrx_word' id='word_1_21' title='bbox 608 389 689 420; x_wconf 83' lang='lat' dir='ltr'>inter</span> <span class='ocrx_word' id='word_1_22' title='bbox 718 398 840 421; x_wconf 83' lang='lat' dir='ltr'>carmen</span> <span class='ocrx_word' id='word_1_23' title='bbox 870 390 1000 429; x_wconf 89' lang='lat' dir='ltr'>primum</span> <span class='ocrx_word' id='word_1_24' title='bbox 1029 393 1061 421; x_wconf 84' lang='lat' dir='ltr'>ct</span> <span class='ocrx_word' id='word_1_25' title='bbox 1082 393 1204 421; x_wconf 83' lang='lat' dir='ltr'>sextum</span> <span class='ocrx_word' id='word_1_26' title='bbox 1232 391 1263 421; x_wconf 93' lang='lat' dir='ltr'>in</span> <span class='ocrx_word' id='word_1_27' title='bbox 1293 399 1330 421; x_wconf 90' lang='lat' dir='ltr'>eo</span> <span class='ocrx_word' id='word_1_28' title='bbox 1352 394 1415 429; x_wconf 83' lang='lat' dir='ltr'>est,</span> <span class='ocrx_word' id='word_1_29' title='bbox 1444 391 1525 430; x_wconf 90' lang='lat' dir='ltr'>quod</span> <span class='ocrx_word' id='word_1_30' title='bbox 1556 391 1587 422; x_wconf 85' lang='lat' dir='ltr'>in</span> <span class='ocrx_word' id='word_1_31' title='bbox 1608 391 1660 422; x_wconf 92' lang='lat' dir='ltr'>illo</span> <span class='ocrx_word' id='word_1_32' title='bbox 1688 391 1767 431; x_wconf 73' lang='lat' dir='ltr'>ludi,</span> <span class='ocrx_word' id='word_1_33' title='bbox 1798 393 1829 424; x_wconf 90' lang='lat' dir='ltr'>in</span> <span class='ocrx_word' id='word_1_34' title='bbox 1851 392 1907 424; x_wconf 89' lang='lat' dir='ltr'>hoc</span> 
     </span>
     <span class='ocr_line' id='line_1_5' title="bbox 184 442 1695 483; baseline 0.002 -11"><span class='ocrx_word' id='word_1_35' title='bbox 184 450 318 480; x_wconf 87' lang='lat' dir='ltr'>persona</span> <span class='ocrx_word' id='word_1_36' title='bbox 342 442 469 480; x_wconf 79' lang='lat' dir='ltr'>Agesiac</span> <span class='ocrx_word' id='word_1_37' title='bbox 491 444 522 472; x_wconf 90' lang='lat' dir='ltr'>et</span> <span class='ocrx_word' id='word_1_38' title='bbox 545 451 622 480; x_wconf 83' lang='lat' dir='ltr'>gens</span> <span class='ocrx_word' id='word_1_39' title='bbox 644 442 709 480; x_wconf 87' lang='lat' dir='ltr'>ejus</span> <span class='ocrx_word' id='word_1_40' title='bbox 732 442 944 482; x_wconf 84' lang='lat' dir='ltr'>praedicatur;</span> <span class='ocrx_word' id='word_1_41' title='bbox 967 451 1062 482; x_wconf 88' lang='lat' dir='ltr'>quare</span> <span class='ocrx_word' id='word_1_42' title='bbox 1085 443 1113 474; x_wconf 92' lang='lat' dir='ltr'>in</span> <span class='ocrx_word' id='word_1_43' title='bbox 1136 443 1217 474; x_wconf 91' lang='lat' dir='ltr'>illius</span> <span class='ocrx_word' id='word_1_44' title='bbox 1239 443 1325 474; x_wconf 88' lang='lat' dir='ltr'>initio</span> <span class='ocrx_word' id='word_1_45' title='bbox 1345 447 1438 483; x_wconf 82' lang='lat' dir='ltr'>poeta</span> <span class='ocrx_word' id='word_1_46' title='bbox 1460 445 1559 475; x_wconf 84' lang='lat' dir='ltr'>dicere</span> <span class='ocrx_word' id='word_1_47' title='bbox 1579 444 1695 483; x_wconf 84' lang='lat' dir='ltr'>potuit:</span> 
     </span>
    </p>

    <p class='ocr_par' dir='ltr' id='par_1_3' title="bbox 184 494 1693 802">
     <span class='ocr_line' id='line_1_6' title="bbox 550 494 1341 536; baseline 0.003 -11"><span class='ocrx_word' id='word_1_48' title='bbox 550 494 624 534; x_wconf 68' lang='grc' dir='ltr'>μηδ’</span> <span class='ocrx_word' id='word_1_49' title='bbox 644 494 816 534; x_wconf 77' lang='grc' dir='ltr'><em>Ὀλυμπίας</em></span> <span class='ocrx_word' id='word_1_50' title='bbox 838 495 946 534; x_wconf 70' lang='grc' dir='ltr'><em>α’γῶνα</em></span> <span class='ocrx_word' id='word_1_51' title='bbox 968 500 1122 535; x_wconf 66' lang='grc' dir='ltr'><em>φέρτερον</em></span> <span class='ocrx_word' id='word_1_52' title='bbox 1141 496 1341 536; x_wconf 72' lang='grc' dir='ltr'><em>αὐδάσομεν,</em></span> 
     </span>
     <span class='ocr_line' id='line_1_7' title="bbox 184 547 552 587; baseline 0.003 -10"><span class='ocrx_word' id='word_1_53' title='bbox 184 547 231 578; x_wconf 87' lang='lat' dir='ltr'>hic</span> <span class='ocrx_word' id='word_1_54' title='bbox 250 548 320 587; x_wconf 59' lang='lat' dir='ltr'>,iure</span> <span class='ocrx_word' id='word_1_55' title='bbox 342 557 396 578; x_wconf 91' lang='lat' dir='ltr'>suo</span> <span class='ocrx_word' id='word_1_56' title='bbox 419 548 552 587; x_wconf 86' lang='lat' dir='ltr'>quaerit:</span> 
     </span>
     <span class='ocr_line' id='line_1_8' title="bbox 713 601 1191 641; baseline 0 -11"><span class='ocrx_word' id='word_1_57' title='bbox 713 601 742 631; x_wconf 72' lang='grc' dir='ltr'>εἰ</span> <span class='ocrx_word' id='word_1_58' title='bbox 762 601 838 640; x_wconf 70' lang='grc' dir='ltr'>δέἴν,</span> <span class='ocrx_word' id='word_1_59' title='bbox 866 604 925 640; x_wconf 75' lang='grc' dir='ltr'>μὲν</span> <span class='ocrx_word' id='word_1_60' title='bbox 943 601 1191 641; x_wconf 70' lang='grc' dir='ltr'><em>Ὀλυμπιονίκας,</em></span> 
     </span>
     <span class='ocr_line' id='line_1_9' title="bbox 548 655 1280 695; baseline 0.003 -12"><span class='ocrx_word' id='word_1_61' title='bbox 548 656 648 693; x_wconf 78' lang='grc' dir='ltr'><em>βωμῷ</em></span> <span class='ocrx_word' id='word_1_62' title='bbox 668 666 704 684; x_wconf 78' lang='grc' dir='ltr'>τε</span> <span class='ocrx_word' id='word_1_63' title='bbox 725 657 866 693; x_wconf 57' lang='lat' dir='ltr'>merula)</span> <span class='ocrx_word' id='word_1_64' title='bbox 888 657 1005 693; x_wconf 76' lang='grc' dir='ltr'><em>ταμίας</em></span> <span class='ocrx_word' id='word_1_65' title='bbox 1026 655 1101 690; x_wconf 74' lang='grc' dir='ltr'>Διός</span> <span class='ocrx_word' id='word_1_66' title='bbox 1123 656 1158 684; x_wconf 73' lang='grc' dir='ltr'>ἐπ’</span> <span class='ocrx_word' id='word_1_67' title='bbox 1179 657 1280 695; x_wconf 78' lang='grc' dir='ltr'><em>Πίσᾳ,</em></span> 
     </span>
     <span class='ocr_line' id='line_1_10' title="bbox 548 706 1693 748; baseline 0.001 -10"><span class='ocrx_word' id='word_1_68' title='bbox 548 706 750 747; x_wconf 74' lang='grc' dir='ltr'><em>συνοικιστήρ</em></span> <span class='ocrx_word' id='word_1_69' title='bbox 776 719 811 737; x_wconf 74' lang='grc' dir='ltr'>τε</span> <span class='ocrx_word' id='word_1_70' title='bbox 832 710 894 738; x_wconf 71' lang='grc' dir='ltr'>τᾶν</span> <span class='ocrx_word' id='word_1_71' title='bbox 915 708 1043 738; x_wconf 73' lang='grc' dir='ltr'>κλεινᾶν</span> <span class='ocrx_word' id='word_1_72' title='bbox 1064 710 1287 747; x_wconf 75' lang='grc' dir='ltr'><em>Συρακοσσᾶν,</em></span> <span class='ocrx_word' id='word_1_73' title='bbox 1308 711 1382 738; x_wconf 67' lang='grc' dir='ltr'>τίνα</span> <span class='ocrx_word' id='word_1_74' title='bbox 1402 720 1456 738; x_wconf 77' lang='grc' dir='ltr'>κεν</span> <span class='ocrx_word' id='word_1_75' title='bbox 1480 708 1572 748; x_wconf 69' lang='grc' dir='ltr'><em>φύγοι</em></span> <span class='ocrx_word' id='word_1_76' title='bbox 1592 708 1693 748; x_wconf 78' lang='grc' dir='ltr'><em>ῧμιόν</em></span> 
     </span>
     <span class='ocr_line' id='line_1_11' title="bbox 547 760 1674 802; baseline 0.002 -12"><span class='ocrx_word' id='word_1_77' title='bbox 547 763 648 796; x_wconf 78' lang='grc' dir='ltr'><em>κεῖνος</em></span> <span class='ocrx_word' id='word_1_78' title='bbox 669 760 761 801; x_wconf 72' lang='grc' dir='ltr'><em>α’νήρ,</em></span> <span class='ocrx_word' id='word_1_79' title='bbox 785 760 971 800; x_wconf 77' lang='grc' dir='ltr'><strong><em>ἐπικύρσαις</em></strong></span> <span class='ocrx_word' id='word_1_80' title='bbox 992 761 1154 801; x_wconf 67' lang='grc' dir='ltr'>ἀφθόνων</span> <span class='ocrx_word' id='word_1_81' title='bbox 1175 761 1285 792; x_wconf 59' lang='lat' dir='ltr'>doum·</span> <span class='ocrx_word' id='word_1_82' title='bbox 1308 762 1343 791; x_wconf 80' lang='grc' dir='ltr'>ἐν</span> <span class='ocrx_word' id='word_1_83' title='bbox 1365 761 1507 802; x_wconf 60' lang='grc' dir='ltr'><em>ἱμερταῖς</em></span> <span class='ocrx_word' id='word_1_84' title='bbox 1529 763 1674 800; x_wconf 78' lang='grc' dir='ltr'><em>(ἰοιδαῖς;</em></span> 
     </span>
    </p>

    <p class='ocr_par' dir='ltr' id='par_1_4' title="bbox 182 813 1906 1385">
     <span class='ocr_line' id='line_1_12' title="bbox 281 813 1905 853; baseline 0.002 -9"><span class='ocrx_word' id='word_1_85' title='bbox 281 813 398 850; x_wconf 81' lang='lat' dir='ltr'>Quibus</span> <span class='ocrx_word' id='word_1_86' title='bbox 422 815 451 844; x_wconf 92' lang='lat' dir='ltr'>in</span> <span class='ocrx_word' id='word_1_87' title='bbox 481 814 580 844; x_wconf 78' lang='lat' dir='ltr'>verbis</span> <span class='ocrx_word' id='word_1_88' title='bbox 604 814 634 844; x_wconf 88' lang='lat' dir='ltr'>id</span> <span class='ocrx_word' id='word_1_89' title='bbox 662 814 733 844; x_wconf 87' lang='lat' dir='ltr'>mihi</span> <span class='ocrx_word' id='word_1_90' title='bbox 758 815 910 845; x_wconf 81' lang='lat' dir='ltr'>invenisse</span> <span class='ocrx_word' id='word_1_91' title='bbox 939 814 1056 853; x_wconf 84' lang='lat' dir='ltr'>videor⁷</span> <span class='ocrx_word' id='word_1_92' title='bbox 1089 824 1149 853; x_wconf 90' lang='lat' dir='ltr'>quo</span> <span class='ocrx_word' id='word_1_93' title='bbox 1177 823 1249 845; x_wconf 77' lang='lat' dir='ltr'>vera</span> <span class='ocrx_word' id='word_1_94' title='bbox 1272 815 1487 853; x_wconf 75' lang='lat' dir='ltr'>interpretatio</span> <span class='ocrx_word' id='word_1_95' title='bbox 1513 815 1629 846; x_wconf 87' lang='lat' dir='ltr'>exordii</span> <span class='ocrx_word' id='word_1_96' title='bbox 1657 817 1783 848; x_wconf 84' lang='lat' dir='ltr'>nitatur.</span> <span class='ocrx_word' id='word_1_97' title='bbox 1827 817 1905 848; x_wconf 86' lang='lat' dir='ltr'>Nam</span> 
     </span>
     <span class='ocr_line' id='line_1_13' title="bbox 186 867 1905 907; baseline 0.003 -11"><span class='ocrx_word' id='word_1_98' title='bbox 186 875 252 896; x_wconf 87' lang='lat' dir='ltr'>cum</span> <span class='ocrx_word' id='word_1_99' title='bbox 277 867 376 905; x_wconf 86' lang='lat' dir='ltr'>primo</span> <span class='ocrx_word' id='word_1_100' title='bbox 399 867 559 906; x_wconf 81' lang='lat' dir='ltr'>ambiguus</span> <span class='ocrx_word' id='word_1_101' title='bbox 581 867 770 898; x_wconf 86' lang='lat' dir='ltr'>fluctuarim.</span> <span class='ocrx_word' id='word_1_102' title='bbox 803 872 903 898; x_wconf 84' lang='lat' dir='ltr'>utrum</span> <span class='ocrx_word' id='word_1_103' title='bbox 928 876 1048 898; x_wconf 81' lang='lat' dir='ltr'>versum</span> <span class='ocrx_word' id='word_1_104' title='bbox 1073 870 1111 897; x_wconf 74' lang='grc'>88</span> <span class='ocrx_word' id='word_1_105' title='bbox 1134 868 1255 898; x_wconf 85' lang='lat' dir='ltr'>intuens</span> <span class='ocrx_word' id='word_1_106' title='bbox 1279 867 1424 906; x_wconf 88' lang='lat' dir='ltr'>hymnum</span> <span class='ocrx_word' id='word_1_107' title='bbox 1447 868 1577 899; x_wconf 83' lang='lat' dir='ltr'>Junonis</span> <span class='ocrx_word' id='word_1_108' title='bbox 1607 870 1696 907; x_wconf 82' lang='lat' dir='ltr'>quasi</span> <span class='ocrx_word' id='word_1_109' title='bbox 1723 871 1905 902; x_wconf 84' lang='lat' dir='ltr'>vestibulum</span> 
     </span>
     <span class='ocr_line' id='line_1_14' title="bbox 184 919 1904 964; baseline 0.003 -14"><span class='ocrx_word' id='word_1_110' title='bbox 184 919 254 950; x_wconf 76' lang='lat' dir='ltr'>festi</span> <span class='ocrx_word' id='word_1_111' title='bbox 278 920 339 951; x_wconf 83' lang='lat' dir='ltr'>diei</span> <span class='ocrx_word' id='word_1_112' title='bbox 358 921 543 959; x_wconf 77' lang='lat' dir='ltr'>judicarem,</span> <span class='ocrx_word' id='word_1_113' title='bbox 566 930 603 951; x_wconf 90' lang='lat' dir='ltr'>an</span> <span class='ocrx_word' id='word_1_114' title='bbox 629 921 816 954; x_wconf 47' lang='lat' dir='ltr'>sententiaa</span> <span class='ocrx_word' id='word_1_115' title='bbox 839 929 928 959; x_wconf 90' lang='lat' dir='ltr'>quam</span> <span class='ocrx_word' id='word_1_116' title='bbox 953 930 1048 959; x_wconf 85' lang='lat' dir='ltr'>supra</span> <span class='ocrx_word' id='word_1_117' title='bbox 1068 920 1215 960; x_wconf 79' lang='lat' dir='ltr'>indicavi,</span> <span class='ocrx_word' id='word_1_118' title='bbox 1240 930 1343 951; x_wconf 87' lang='lat' dir='ltr'>eorum</span> <span class='ocrx_word' id='word_1_119' title='bbox 1367 921 1566 960; x_wconf 81' lang='lat' dir='ltr'>astipularer‚</span> <span class='ocrx_word' id='word_1_120' title='bbox 1590 922 1640 961; x_wconf 91' lang='lat' dir='ltr'>qui</span> <span class='ocrx_word' id='word_1_121' title='bbox 1661 932 1782 954; x_wconf 85' lang='lat' dir='ltr'>carmen</span> <span class='ocrx_word' id='word_1_122' title='bbox 1804 924 1904 964; x_wconf 87' lang='lat' dir='ltr'>aedes,</span> 
     </span>
     <span class='ocr_line' id='line_1_15' title="bbox 185 973 1904 1013; baseline 0.003 -11"><span class='ocrx_word' id='word_1_123' title='bbox 185 973 251 1012; x_wconf 88' lang='lat' dir='ltr'>ipsa</span> <span class='ocrx_word' id='word_1_124' title='bbox 280 973 357 1004; x_wconf 88' lang='lat' dir='ltr'>initii</span> <span class='ocrx_word' id='word_1_125' title='bbox 383 974 476 1004; x_wconf 78' lang='lat' dir='ltr'>verba</span> <span class='ocrx_word' id='word_1_126' title='bbox 509 973 664 1004; x_wconf 81' lang='lat' dir='ltr'>columnas</span> <span class='ocrx_word' id='word_1_127' title='bbox 687 983 797 1004; x_wconf 86' lang='lat' dir='ltr'>aureas</span> <span class='ocrx_word' id='word_1_128' title='bbox 826 982 893 1004; x_wconf 84' lang='lat' dir='ltr'>esse</span> <span class='ocrx_word' id='word_1_129' title='bbox 922 973 1046 1011; x_wconf 82' lang='lat' dir='ltr'>volunt,</span> <span class='ocrx_word' id='word_1_130' title='bbox 1079 974 1173 1004; x_wconf 84' lang='lat' dir='ltr'>verba</span> <span class='ocrx_word' id='word_1_131' title='bbox 1203 973 1255 1004; x_wconf 87' lang='lat' dir='ltr'>illa</span> <span class='ocrx_word' id='word_1_132' title='bbox 1282 973 1321 1004; x_wconf 83' lang='lat' dir='ltr'>ad</span> <span class='ocrx_word' id='word_1_133' title='bbox 1346 974 1400 1005; x_wconf 86' lang='lat' dir='ltr'>has</span> <span class='ocrx_word' id='word_1_134' title='bbox 1429 975 1632 1013; x_wconf 83' lang='lat' dir='ltr'>cogitationes</span> <span class='ocrx_word' id='word_1_135' title='bbox 1661 985 1708 1006; x_wconf 88' lang='lat' dir='ltr'>me</span> <span class='ocrx_word' id='word_1_136' title='bbox 1736 976 1904 1008; x_wconf 81' lang='lat' dir='ltr'>duxerunt:</span> 
     </span>
     <span class='ocr_line' id='line_1_16' title="bbox 183 1026 1904 1066; baseline 0.003 -9"><span class='ocrx_word' id='word_1_137' title='bbox 183 1027 294 1066; x_wconf 83' lang='lat' dir='ltr'>Incipit</span> <span class='ocrx_word' id='word_1_138' title='bbox 312 1031 402 1066; x_wconf 82' lang='lat' dir='ltr'>poeta.</span> <span class='ocrx_word' id='word_1_139' title='bbox 425 1027 471 1057; x_wconf 79' lang='lat' dir='ltr'>liis</span> <span class='ocrx_word' id='word_1_140' title='bbox 494 1027 606 1058; x_wconf 73' lang='lat' dir='ltr'>verbis:</span> <span class='ocrx_word' id='word_1_141' title='bbox 631 1027 751 1057; x_wconf 87' lang='lat' dir='ltr'>initium</span> <span class='ocrx_word' id='word_1_142' title='bbox 773 1027 965 1066; x_wconf 82' lang='lat' dir='ltr'>splendidum</span> <span class='ocrx_word' id='word_1_143' title='bbox 987 1026 1148 1065; x_wconf 79' lang='lat' dir='ltr'>faciamus,</span> <span class='ocrx_word' id='word_1_144' title='bbox 1171 1027 1253 1057; x_wconf 77' lang='lat' dir='ltr'>velut</span> <span class='ocrx_word' id='word_1_145' title='bbox 1269 1027 1293 1057; x_wconf 86' lang='lat' dir='ltr'>si</span> <span class='ocrx_word' id='word_1_146' title='bbox 1317 1026 1407 1057; x_wconf 84' lang='lat' dir='ltr'>aedes</span> <span class='ocrx_word' id='word_1_147' title='bbox 1425 1027 1563 1066; x_wconf 81' lang='lat' dir='ltr'>fulgente</span> <span class='ocrx_word' id='word_1_148' title='bbox 1587 1029 1733 1060; x_wconf 87' lang='lat' dir='ltr'>vestibulo</span> <span class='ocrx_word' id='word_1_149' title='bbox 1754 1039 1904 1062; x_wconf 88' lang='lat' dir='ltr'>ornemus.</span> 
     </span>
     <span class='ocr_line' id='line_1_17' title="bbox 185 1079 1906 1121; baseline 0.002 -10"><span class='ocrx_word' id='word_1_150' title='bbox 185 1080 300 1117; x_wconf 85' lang='lat' dir='ltr'>Quodsi</span> <span class='ocrx_word' id='word_1_151' title='bbox 324 1081 442 1119; x_wconf 69' lang='lat' dir='ltr'>pergit:</span> <span class='ocrx_word' id='word_1_152' title='bbox 475 1081 506 1110; x_wconf 70' lang='grc' dir='ltr'>εἰ</span> <span class='ocrx_word' id='word_1_153' title='bbox 527 1080 613 1120; x_wconf 61' lang='grc' dir='ltr'>ὸέἴη</span> <span class='ocrx_word' id='word_1_154' title='bbox 633 1083 693 1119; x_wconf 74' lang='grc' dir='ltr'>μὲν</span> <span class='ocrx_word' id='word_1_155' title='bbox 714 1079 953 1119; x_wconf 72' lang='grc' dir='ltr'>Ὀλυμπιονίκας</span> <span class='ocrx_word' id='word_1_156' title='bbox 975 1083 1031 1110; x_wconf 89' lang='lat' dir='ltr'>etc.</span> <span class='ocrx_word' id='word_1_157' title='bbox 1055 1080 1123 1119; x_wconf 86' lang='lat' dir='ltr'>quis</span> <span class='ocrx_word' id='word_1_158' title='bbox 1143 1084 1206 1115; x_wconf 78' lang='lat' dir='ltr'>est,</span> <span class='ocrx_word' id='word_1_159' title='bbox 1238 1080 1310 1119; x_wconf 91' lang='lat' dir='ltr'>quin</span> <span class='ocrx_word' id='word_1_160' title='bbox 1339 1080 1368 1111; x_wconf 93' lang='lat' dir='ltr'>in</span> <span class='ocrx_word' id='word_1_161' title='bbox 1392 1080 1438 1111; x_wconf 91' lang='lat' dir='ltr'>his</span> <span class='ocrx_word' id='word_1_162' title='bbox 1466 1081 1566 1112; x_wconf 87' lang='lat' dir='ltr'>verbis</span> <span class='ocrx_word' id='word_1_163' title='bbox 1593 1081 1670 1113; x_wconf 87' lang='lat' dir='ltr'>hanc</span> <span class='ocrx_word' id='word_1_164' title='bbox 1692 1084 1906 1121; x_wconf 74' lang='lat' dir='ltr'>cogitationem</span> 
     </span>
     <span class='ocr_line' id='line_1_18' title="bbox 184 1133 1905 1176; baseline 0.003 -13"><span class='ocrx_word' id='word_1_165' title='bbox 184 1133 283 1164; x_wconf 86' lang='lat' dir='ltr'>latere</span> <span class='ocrx_word' id='word_1_166' title='bbox 306 1134 443 1164; x_wconf 69' lang='lat' dir='ltr'>sentiat?</span> <span class='ocrx_word' id='word_1_167' title='bbox 465 1135 494 1165; x_wconf 74' lang='lat' dir='ltr'>si</span> <span class='ocrx_word' id='word_1_168' title='bbox 517 1135 561 1171; x_wconf 75' lang='lat' dir='ltr'>is,</span> <span class='ocrx_word' id='word_1_169' title='bbox 584 1134 638 1173; x_wconf 73' lang='lat' dir='ltr'>qui</span> <span class='ocrx_word' id='word_1_170' title='bbox 652 1134 836 1164; x_wconf 65' lang='lat' dir='ltr'>lciudccmlus</span> <span class='ocrx_word' id='word_1_171' title='bbox 853 1137 912 1170; x_wconf 77' lang='lat' dir='ltr'>est,</span> <span class='ocrx_word' id='word_1_172' title='bbox 934 1135 984 1164; x_wconf 70' lang='lat' dir='ltr'>cui</span> <span class='ocrx_word' id='word_1_173' title='bbox 1001 1137 1148 1172; x_wconf 63' lang='lat' dir='ltr'>amquam</span> <span class='ocrx_word' id='word_1_174' title='bbox 1167 1134 1260 1165; x_wconf 75' lang='lat' dir='ltr'>aedes</span> <span class='ocrx_word' id='word_1_175' title='bbox 1275 1134 1480 1171; x_wconf 73' lang='lat' dir='ltr'>exstruimus,</span> <span class='ocrx_word' id='word_1_176' title='bbox 1503 1135 1574 1165; x_wconf 87' lang='lat' dir='ltr'>talis</span> <span class='ocrx_word' id='word_1_177' title='bbox 1588 1136 1636 1173; x_wconf 81' lang='lat' dir='ltr'>sit,</span> <span class='ocrx_word' id='word_1_178' title='bbox 1660 1136 1759 1174; x_wconf 88' lang='lat' dir='ltr'>qualis</span> <span class='ocrx_word' id='word_1_179' title='bbox 1776 1137 1905 1176; x_wconf 83' lang='lat' dir='ltr'>Agesias</span> 
     </span>
     <span class='ocr_line' id='line_1_19' title="bbox 183 1186 1905 1230; baseline 0.002 -13"><span class='ocrx_word' id='word_1_180' title='bbox 183 1190 240 1225; x_wconf 69' lang='lat' dir='ltr'>est,</span> <span class='ocrx_word' id='word_1_181' title='bbox 263 1196 298 1218; x_wconf 88' lang='lat' dir='ltr'>eo</span> <span class='ocrx_word' id='word_1_182' title='bbox 320 1187 420 1226; x_wconf 79' lang='lat' dir='ltr'>magis</span> <span class='ocrx_word' id='word_1_183' title='bbox 443 1187 515 1217; x_wconf 91' lang='lat' dir='ltr'>illud</span> <span class='ocrx_word' id='word_1_184' title='bbox 540 1187 576 1217; x_wconf 79' lang='lat' dir='ltr'>de</span> <span class='ocrx_word' id='word_1_185' title='bbox 600 1187 750 1218; x_wconf 69' lang='lat' dir='ltr'>vestibulo</span> <span class='ocrx_word' id='word_1_186' title='bbox 766 1186 925 1226; x_wconf 80' lang='lat' dir='ltr'>praeclaro</span> <span class='ocrx_word' id='word_1_187' title='bbox 942 1189 1139 1226; x_wconf 85' lang='lat' dir='ltr'>praeceptum</span> <span class='ocrx_word' id='word_1_188' title='bbox 1161 1186 1368 1218; x_wconf 88' lang='lat' dir='ltr'>adhibendum</span> <span class='ocrx_word' id='word_1_189' title='bbox 1390 1190 1447 1225; x_wconf 85' lang='lat' dir='ltr'>est,</span> <span class='ocrx_word' id='word_1_190' title='bbox 1470 1190 1562 1226; x_wconf 90' lang='lat' dir='ltr'>atque</span> <span class='ocrx_word' id='word_1_191' title='bbox 1586 1191 1679 1219; x_wconf 89' lang='lat' dir='ltr'>cantu</span> <span class='ocrx_word' id='word_1_192' title='bbox 1701 1189 1822 1228; x_wconf 89' lang='lat' dir='ltr'>quidem</span> <span class='ocrx_word' id='word_1_193' title='bbox 1845 1191 1905 1230; x_wconf 87' lang='lat' dir='ltr'>ille⁷</span> 
     </span>
     <span class='ocr_line' id='line_1_20' title="bbox 182 1239 1905 1284; baseline 0.002 -13"><span class='ocrx_word' id='word_1_194' title='bbox 182 1241 296 1280; x_wconf 71' lang='lat' dir='ltr'>pergit,</span> <span class='ocrx_word' id='word_1_195' title='bbox 327 1250 418 1279; x_wconf 89' lang='lat' dir='ltr'>quam</span> <span class='ocrx_word' id='word_1_196' title='bbox 443 1244 547 1279; x_wconf 71' lang='lat' dir='ltr'>potest</span> <span class='ocrx_word' id='word_1_197' title='bbox 577 1240 644 1271; x_wconf 81' lang='lat' dir='ltr'>fieri</span> <span class='ocrx_word' id='word_1_198' title='bbox 667 1240 781 1279; x_wconf 87' lang='lat' dir='ltr'>optimo</span> <span class='ocrx_word' id='word_1_199' title='bbox 812 1239 981 1278; x_wconf 71' lang='lat' dir='ltr'>canendus,</span> <span class='ocrx_word' id='word_1_200' title='bbox 1014 1249 1080 1271; x_wconf 91' lang='lat' dir='ltr'>cum</span> <span class='ocrx_word' id='word_1_201' title='bbox 1108 1240 1149 1270; x_wconf 89' lang='lat' dir='ltr'>sit</span> <span class='ocrx_word' id='word_1_202' title='bbox 1171 1240 1253 1270; x_wconf 88' lang='lat' dir='ltr'>nullo</span> <span class='ocrx_word' id='word_1_203' title='bbox 1277 1243 1369 1271; x_wconf 84' lang='lat' dir='ltr'>cantu</span> <span class='ocrx_word' id='word_1_204' title='bbox 1398 1250 1458 1271; x_wconf 91' lang='lat' dir='ltr'>non</span> <span class='ocrx_word' id='word_1_205' title='bbox 1486 1241 1595 1279; x_wconf 79' lang='lat' dir='ltr'>dignus</span> <span class='ocrx_word' id='word_1_206' title='bbox 1625 1245 1712 1279; x_wconf 73' lang='grc' dir='ltr'><em>(τίνα</em></span> <span class='ocrx_word' id='word_1_207' title='bbox 1732 1254 1787 1273; x_wconf 79' lang='grc' dir='ltr'>κει·</span> <span class='ocrx_word' id='word_1_208' title='bbox 1813 1244 1905 1284; x_wconf 77' lang='grc' dir='ltr'><em>φύγοι</em></span> 
     </span>
     <span class='ocr_line' id='line_1_21' title="bbox 184 1291 1905 1335; baseline 0.003 -12"><span class='ocrx_word' id='word_1_209' title='bbox 184 1291 284 1333; x_wconf 57' lang='lat' dir='ltr'>{ign-ov</span> <span class='ocrx_word' id='word_1_210' title='bbox 312 1296 413 1329; x_wconf 67' lang='grc' dir='ltr'><em>κεῖνος</em></span> <span class='ocrx_word' id='word_1_211' title='bbox 446 1293 565 1334; x_wconf 57' lang='grc' dir='ltr'>α’νιζρῃ.</span> <span class='ocrx_word' id='word_1_212' title='bbox 617 1294 684 1324; x_wconf 88' lang='lat' dir='ltr'>Duo</span> <span class='ocrx_word' id='word_1_213' title='bbox 726 1293 821 1331; x_wconf 82' lang='lat' dir='ltr'>igitur</span> <span class='ocrx_word' id='word_1_214' title='bbox 854 1295 943 1331; x_wconf 75' lang='lat' dir='ltr'>sunt,</span> <span class='ocrx_word' id='word_1_215' title='bbox 982 1302 1060 1332; x_wconf 90' lang='lat' dir='ltr'>qnae</span> <span class='ocrx_word' id='word_1_216' title='bbox 1090 1292 1211 1324; x_wconf 87' lang='lat' dir='ltr'>efficere</span> <span class='ocrx_word' id='word_1_217' title='bbox 1247 1296 1338 1332; x_wconf 85' lang='lat' dir='ltr'>poeta</span> <span class='ocrx_word' id='word_1_218' title='bbox 1367 1294 1397 1324; x_wconf 92' lang='lat' dir='ltr'>in</span> <span class='ocrx_word' id='word_1_219' title='bbox 1434 1295 1534 1325; x_wconf 88' lang='lat' dir='ltr'>animo</span> <span class='ocrx_word' id='word_1_220' title='bbox 1567 1294 1675 1335; x_wconf 79' lang='lat' dir='ltr'>habet,</span> <span class='ocrx_word' id='word_1_221' title='bbox 1711 1297 1843 1335; x_wconf 74' lang='lat' dir='ltr'>primurn</span> <span class='ocrx_word' id='word_1_222' title='bbox 1871 1300 1905 1328; x_wconf 88' lang='lat' dir='ltr'>ut</span> 
     </span>
     <span class='ocr_line' id='line_1_22' title="bbox 182 1346 1182 1385; baseline -0.002 -7"><span class='ocrx_word' id='word_1_223' title='bbox 182 1347 328 1378; x_wconf 84' lang='lat' dir='ltr'>artificem</span> <span class='ocrx_word' id='word_1_224' title='bbox 353 1347 491 1377; x_wconf 85' lang='lat' dir='ltr'>imitetur</span> <span class='ocrx_word' id='word_1_225' title='bbox 513 1350 544 1378; x_wconf 88' lang='lat' dir='ltr'>et</span> <span class='ocrx_word' id='word_1_226' title='bbox 562 1347 618 1377; x_wconf 90' lang='lat' dir='ltr'>hoc</span> <span class='ocrx_word' id='word_1_227' title='bbox 643 1350 677 1377; x_wconf 84' lang='lat' dir='ltr'>ut</span> <span class='ocrx_word' id='word_1_228' title='bbox 699 1356 790 1385; x_wconf 84' lang='lat' dir='ltr'>quam</span> <span class='ocrx_word' id='word_1_229' title='bbox 813 1346 1057 1385; x_wconf 80' lang='lat' dir='ltr'>splendidissime</span> <span class='ocrx_word' id='word_1_230' title='bbox 1080 1346 1182 1377; x_wconf 80' lang='lat' dir='ltr'>faciat.</span> 
     </span>
    </p>

    <p class='ocr_par' dir='ltr' id='par_1_5' title="bbox 180 1399 1905 1600">
     <span class='ocr_line' id='line_1_23' title="bbox 280 1399 1905 1440; baseline 0.002 -9"><span class='ocrx_word' id='word_1_231' title='bbox 280 1400 357 1431; x_wconf 89' lang='lat' dir='ltr'>Cum</span> <span class='ocrx_word' id='word_1_232' title='bbox 380 1404 482 1431; x_wconf 81' lang='lat' dir='ltr'>autem</span> <span class='ocrx_word' id='word_1_233' title='bbox 505 1401 730 1431; x_wconf 82' lang='lat' dir='ltr'>meminerimus</span> <span class='ocrx_word' id='word_1_234' title='bbox 752 1409 804 1438; x_wconf 69' lang='lat' dir='ltr'>ea7</span> <span class='ocrx_word' id='word_1_235' title='bbox 826 1408 903 1439; x_wconf 81' lang='lat' dir='ltr'>quac</span> <span class='ocrx_word' id='word_1_236' title='bbox 927 1408 1018 1438; x_wconf 88' lang='lat' dir='ltr'>supra</span> <span class='ocrx_word' id='word_1_237' title='bbox 1041 1399 1079 1430; x_wconf 88' lang='lat' dir='ltr'>de</span> <span class='ocrx_word' id='word_1_238' title='bbox 1101 1399 1292 1430; x_wconf 86' lang='lat' dir='ltr'>Jamidarum</span> <span class='ocrx_word' id='word_1_239' title='bbox 1315 1399 1405 1430; x_wconf 86' lang='lat' dir='ltr'>laude</span> <span class='ocrx_word' id='word_1_240' title='bbox 1428 1399 1669 1440; x_wconf 76' lang='lat' dir='ltr'>disputavimus,</span> <span class='ocrx_word' id='word_1_241' title='bbox 1701 1411 1764 1432; x_wconf 91' lang='lat' dir='ltr'>non</span> <span class='ocrx_word' id='word_1_242' title='bbox 1785 1402 1905 1435; x_wconf 82' lang='lat' dir='ltr'>difficile</span> 
     </span>
     <span class='ocr_line' id='line_1_24' title="bbox 182 1452 1905 1494; baseline 0.001 -9"><span class='ocrx_word' id='word_1_243' title='bbox 182 1455 243 1485; x_wconf 85' lang='lat' dir='ltr'>erit</span> <span class='ocrx_word' id='word_1_244' title='bbox 264 1454 434 1491; x_wconf 86' lang='lat' dir='ltr'>intellectu⁷</span> <span class='ocrx_word' id='word_1_245' title='bbox 465 1453 538 1493; x_wconf 85' lang='lat' dir='ltr'>quid</span> <span class='ocrx_word' id='word_1_246' title='bbox 566 1457 658 1492; x_wconf 86' lang='lat' dir='ltr'>poeta</span> <span class='ocrx_word' id='word_1_247' title='bbox 681 1453 739 1484; x_wconf 91' lang='lat' dir='ltr'>sibi</span> <span class='ocrx_word' id='word_1_248' title='bbox 762 1453 905 1483; x_wconf 87' lang='lat' dir='ltr'>voluerit:</span> <span class='ocrx_word' id='word_1_249' title='bbox 932 1461 1002 1482; x_wconf 86' lang='lat' dir='ltr'>nam</span> <span class='ocrx_word' id='word_1_250' title='bbox 1024 1452 1215 1483; x_wconf 82' lang='lat' dir='ltr'>Jainidarum</span> <span class='ocrx_word' id='word_1_251' title='bbox 1240 1452 1323 1483; x_wconf 89' lang='lat' dir='ltr'>laudi</span> <span class='ocrx_word' id='word_1_252' title='bbox 1347 1453 1475 1491; x_wconf 84' lang='lat' dir='ltr'>Agesiae</span> <span class='ocrx_word' id='word_1_253' title='bbox 1498 1453 1617 1484; x_wconf 77' lang='lat' dir='ltr'>laudeni</span> <span class='ocrx_word' id='word_1_254' title='bbox 1641 1457 1789 1494; x_wconf 85' lang='lat' dir='ltr'>tanquam</span> <span class='ocrx_word' id='word_1_255' title='bbox 1812 1457 1905 1487; x_wconf 83' lang='lat' dir='ltr'>vesti-</span> 
     </span>
     <span class='ocr_line' id='line_1_25' title="bbox 182 1505 1904 1547; baseline 0.002 -9"><span class='ocrx_word' id='word_1_256' title='bbox 182 1508 285 1539; x_wconf 88' lang='lat' dir='ltr'>bulum</span> <span class='ocrx_word' id='word_1_257' title='bbox 317 1507 473 1546; x_wconf 73' lang='lat' dir='ltr'>adjungit,</span> <span class='ocrx_word' id='word_1_258' title='bbox 507 1510 541 1538; x_wconf 91' lang='lat' dir='ltr'>ut</span> <span class='ocrx_word' id='word_1_259' title='bbox 569 1507 642 1538; x_wconf 84' lang='lat' dir='ltr'>haec</span> <span class='ocrx_word' id='word_1_260' title='bbox 669 1507 768 1545; x_wconf 88' lang='lat' dir='ltr'>primo</span> <span class='ocrx_word' id='word_1_261' title='bbox 799 1506 864 1537; x_wconf 89' lang='lat' dir='ltr'>loco</span> <span class='ocrx_word' id='word_1_262' title='bbox 894 1505 1044 1536; x_wconf 86' lang='lat' dir='ltr'>collocata</span> <span class='ocrx_word' id='word_1_263' title='bbox 1072 1505 1156 1536; x_wconf 81' lang='lat' dir='ltr'>velut</span> <span class='ocrx_word' id='word_1_264' title='bbox 1184 1506 1286 1536; x_wconf 88' lang='lat' dir='ltr'>antica</span> <span class='ocrx_word' id='word_1_265' title='bbox 1313 1514 1386 1544; x_wconf 86' lang='lat' dir='ltr'>pars</span> <span class='ocrx_word' id='word_1_266' title='bbox 1417 1508 1516 1536; x_wconf 87' lang='lat' dir='ltr'>totum</span> <span class='ocrx_word' id='word_1_267' title='bbox 1547 1516 1668 1538; x_wconf 86' lang='lat' dir='ltr'>carmen</span> <span class='ocrx_word' id='word_1_268' title='bbox 1697 1508 1809 1547; x_wconf 81' lang='lat' dir='ltr'>insigni</span> <span class='ocrx_word' id='word_1_269' title='bbox 1838 1510 1904 1542; x_wconf 88' lang='lat' dir='ltr'>luce</span> 
     </span>
     <span class='ocr_line' id='line_1_26' title="bbox 180 1561 355 1600; baseline -0.006 -8"><span class='ocrx_word' id='word_1_270' title='bbox 180 1561 355 1600; x_wconf 86' lang='lat' dir='ltr'>perfundat.</span> 
     </span>
    </p>

    <p class='ocr_par' dir='ltr' id='par_1_6' title="bbox 180 1611 1903 1974">
     <span class='ocr_line' id='line_1_27' title="bbox 272 1611 1903 1658; baseline 0.001 -13"><span class='ocrx_word' id='word_1_271' title='bbox 272 1614 306 1645; x_wconf 86' lang='lat' dir='ltr'>Id</span> <span class='ocrx_word' id='word_1_272' title='bbox 329 1623 421 1653; x_wconf 90' lang='lat' dir='ltr'>quam</span> <span class='ocrx_word' id='word_1_273' title='bbox 444 1617 572 1644; x_wconf 79' lang='lat' dir='ltr'>venuste</span> <span class='ocrx_word' id='word_1_274' title='bbox 602 1613 754 1644; x_wconf 81' lang='lat' dir='ltr'>Pindarus</span> <span class='ocrx_word' id='word_1_275' title='bbox 784 1613 885 1643; x_wconf 80' lang='lat' dir='ltr'>effecit</span> <span class='ocrx_word' id='word_1_276' title='bbox 909 1621 1060 1658; x_wconf 82' lang='lat' dir='ltr'>quamque</span> <span class='ocrx_word' id='word_1_277' title='bbox 1089 1612 1242 1651; x_wconf 79' lang='lat' dir='ltr'>graviter!</span> <span class='ocrx_word' id='word_1_278' title='bbox 1275 1612 1438 1643; x_wconf 79' lang='lat' dir='ltr'>Praeclare</span> <span class='ocrx_word' id='word_1_279' title='bbox 1459 1611 1595 1651; x_wconf 84' lang='lat' dir='ltr'>profecto</span> <span class='ocrx_word' id='word_1_280' title='bbox 1618 1616 1666 1644; x_wconf 88' lang='lat' dir='ltr'>est</span> <span class='ocrx_word' id='word_1_281' title='bbox 1687 1616 1903 1656; x_wconf 77' lang='lat' dir='ltr'>excogitatum,</span> 
     </span>
     <span class='ocr_line' id='line_1_28' title="bbox 181 1665 1903 1708; baseline 0.001 -10"><span class='ocrx_word' id='word_1_282' title='bbox 181 1667 260 1707; x_wconf 90' lang='lat' dir='ltr'>quod</span> <span class='ocrx_word' id='word_1_283' title='bbox 282 1667 425 1706; x_wconf 83' lang='lat' dir='ltr'>Agesiani</span> <span class='ocrx_word' id='word_1_284' title='bbox 455 1667 585 1697; x_wconf 72' lang='lat' dir='ltr'>alterum</span> <span class='ocrx_word' id='word_1_285' title='bbox 613 1667 832 1706; x_wconf 79' lang='lat' dir='ltr'>Amphiaraum</span> <span class='ocrx_word' id='word_1_286' title='bbox 863 1667 1019 1703; x_wconf 75' lang='lat' dir='ltr'>nominat,</span> <span class='ocrx_word' id='word_1_287' title='bbox 1055 1665 1175 1704; x_wconf 91' lang='lat' dir='ltr'>lumen,</span> <span class='ocrx_word' id='word_1_288' title='bbox 1208 1668 1242 1696; x_wconf 89' lang='lat' dir='ltr'>ut</span> <span class='ocrx_word' id='word_1_289' title='bbox 1273 1665 1359 1696; x_wconf 87' lang='lat' dir='ltr'>illum</span> <span class='ocrx_word' id='word_1_290' title='bbox 1390 1665 1515 1696; x_wconf 84' lang='lat' dir='ltr'>Adrasti</span> <span class='ocrx_word' id='word_1_291' title='bbox 1545 1667 1712 1700; x_wconf 72' lang='lat' dir='ltr'>exercitus.</span> <span class='ocrx_word' id='word_1_292' title='bbox 1748 1671 1778 1699; x_wconf 86' lang='lat' dir='ltr'>et</span> <span class='ocrx_word' id='word_1_293' title='bbox 1804 1669 1903 1708; x_wconf 89' lang='lat' dir='ltr'>ipsum</span> 
     </span>
     <span class='ocr_line' id='line_1_29' title="bbox 183 1718 1902 1761; baseline 0.001 -9"><span class='ocrx_word' id='word_1_294' title='bbox 183 1724 404 1760; x_wconf 72' lang='lat' dir='ltr'>Syracusarum</span> <span class='ocrx_word' id='word_1_295' title='bbox 434 1723 465 1751; x_wconf 86' lang='lat' dir='ltr'>ct</span> <span class='ocrx_word' id='word_1_296' title='bbox 487 1719 679 1751; x_wconf 83' lang='lat' dir='ltr'>Jamidaruni</span> <span class='ocrx_word' id='word_1_297' title='bbox 701 1720 818 1758; x_wconf 82' lang='lat' dir='ltr'>gentis!</span> <span class='ocrx_word' id='word_1_298' title='bbox 851 1722 917 1756; x_wconf 80' lang='lat' dir='ltr'>Quo</span> <span class='ocrx_word' id='word_1_299' title='bbox 946 1718 1016 1758; x_wconf 87' lang='lat' dir='ltr'>quid</span> <span class='ocrx_word' id='word_1_300' title='bbox 1038 1719 1140 1758; x_wconf 87' lang='lat' dir='ltr'>potuit</span> <span class='ocrx_word' id='word_1_301' title='bbox 1168 1718 1297 1749; x_wconf 78' lang='lat' dir='ltr'>inveniri</span> <span class='ocrx_word' id='word_1_302' title='bbox 1318 1719 1467 1757; x_wconf 79' lang='lat' dir='ltr'>insignius</span> <span class='ocrx_word' id='word_1_303' title='bbox 1478 1722 1492 1749; x_wconf 56' lang='grc' dir='ltr'><em>Υ</em></span> <span class='ocrx_word' id='word_1_304' title='bbox 1524 1719 1629 1758; x_wconf 85' lang='lat' dir='ltr'>Neque</span> <span class='ocrx_word' id='word_1_305' title='bbox 1652 1729 1718 1751; x_wconf 85' lang='lat' dir='ltr'>eam</span> <span class='ocrx_word' id='word_1_306' title='bbox 1745 1722 1902 1761; x_wconf 80' lang='lat' dir='ltr'>vulgarem</span> 
     </span>
     <span class='ocr_line' id='line_1_30' title="bbox 181 1771 1902 1813; baseline 0.001 -8"><span class='ocrx_word' id='word_1_307' title='bbox 181 1775 300 1806; x_wconf 87' lang='lat' dir='ltr'>laudem</span> <span class='ocrx_word' id='word_1_308' title='bbox 323 1777 415 1813; x_wconf 82' lang='lat' dir='ltr'>poeta</span> <span class='ocrx_word' id='word_1_309' title='bbox 447 1773 541 1804; x_wconf 52' lang='lat' dir='ltr'>voluit,</span> <span class='ocrx_word' id='word_1_310' title='bbox 569 1782 636 1803; x_wconf 77' lang='lat' dir='ltr'>esse</span> <span class='ocrx_word' id='word_1_311' title='bbox 666 1773 864 1810; x_wconf 71' lang='lat' dir='ltr'>laudaturus,</span> <span class='ocrx_word' id='word_1_312' title='bbox 900 1775 932 1803; x_wconf 86' lang='lat' dir='ltr'>et</span> <span class='ocrx_word' id='word_1_313' title='bbox 953 1772 1145 1811; x_wconf 76' lang='lat' dir='ltr'>aliquatenus</span> <span class='ocrx_word' id='word_1_314' title='bbox 1168 1780 1200 1802; x_wconf 89' lang='lat' dir='ltr'>se</span> <span class='ocrx_word' id='word_1_315' title='bbox 1226 1772 1257 1802; x_wconf 93' lang='lat' dir='ltr'>in</span> <span class='ocrx_word' id='word_1_316' title='bbox 1280 1771 1434 1802; x_wconf 84' lang='lat' dir='ltr'>laudando</span> <span class='ocrx_word' id='word_1_317' title='bbox 1459 1772 1582 1803; x_wconf 89' lang='lat' dir='ltr'>modum</span> <span class='ocrx_word' id='word_1_318' title='bbox 1605 1775 1786 1812; x_wconf 68' lang='lat' dir='ltr'>excessisse,</span> <span class='ocrx_word' id='word_1_319' title='bbox 1819 1780 1902 1807; x_wconf 89' lang='lat' dir='ltr'>certe</span> 
     </span>
     <span class='ocr_line' id='line_1_31' title="bbox 180 1825 1901 1868; baseline 0.001 -10"><span class='ocrx_word' id='word_1_320' title='bbox 180 1837 259 1859; x_wconf 82' lang='lat' dir='ltr'>nova</span> <span class='ocrx_word' id='word_1_321' title='bbox 283 1837 314 1859; x_wconf 88' lang='lat' dir='ltr'>se</span> <span class='ocrx_word' id='word_1_322' title='bbox 338 1827 468 1866; x_wconf 84' lang='lat' dir='ltr'>quadam</span> <span class='ocrx_word' id='word_1_323' title='bbox 491 1827 519 1857; x_wconf 87' lang='lat' dir='ltr'>in</span> <span class='ocrx_word' id='word_1_324' title='bbox 548 1827 675 1866; x_wconf 85' lang='lat' dir='ltr'>cpinicio</span> <span class='ocrx_word' id='word_1_325' title='bbox 705 1825 921 1857; x_wconf 84' lang='lat' dir='ltr'>conscribendo</span> <span class='ocrx_word' id='word_1_326' title='bbox 951 1825 1071 1855; x_wconf 80' lang='lat' dir='ltr'>ratione</span> <span class='ocrx_word' id='word_1_327' title='bbox 1096 1834 1184 1855; x_wconf 86' lang='lat' dir='ltr'>usum</span> <span class='ocrx_word' id='word_1_328' title='bbox 1208 1834 1291 1863; x_wconf 76' lang='lat' dir='ltr'>csse,</span> <span class='ocrx_word' id='word_1_329' title='bbox 1319 1825 1383 1863; x_wconf 87' lang='lat' dir='ltr'>ipse</span> <span class='ocrx_word' id='word_1_330' title='bbox 1406 1825 1538 1865; x_wconf 76' lang='lat' dir='ltr'>indicat,</span> <span class='ocrx_word' id='word_1_331' title='bbox 1570 1836 1639 1857; x_wconf 84' lang='lat' dir='ltr'>cum</span> <span class='ocrx_word' id='word_1_332' title='bbox 1665 1836 1681 1857; x_wconf 84' lang='lat' dir='ltr'>c</span> <span class='ocrx_word' id='word_1_333' title='bbox 1708 1828 1807 1859; x_wconf 80' lang='lat' dir='ltr'>verbis</span> <span class='ocrx_word' id='word_1_334' title='bbox 1835 1829 1901 1868; x_wconf 80' lang='lat' dir='ltr'>ejus</span> 
     </span>
     <span class='ocr_line' id='line_1_32' title="bbox 181 1878 1900 1921; baseline 0.001 -10"><span class='ocrx_word' id='word_1_335' title='bbox 181 1881 268 1912; x_wconf 83' lang='lat' dir='ltr'>facilc</span> <span class='ocrx_word' id='word_1_336' title='bbox 291 1880 470 1918; x_wconf 71' lang='lat' dir='ltr'>colligamus</span> <span class='ocrx_word' id='word_1_337' title='bbox 492 1889 558 1911; x_wconf 81' lang='lat' dir='ltr'>cum</span> <span class='ocrx_word' id='word_1_338' title='bbox 580 1889 640 1910; x_wconf 87' lang='lat' dir='ltr'>non</span> <span class='ocrx_word' id='word_1_339' title='bbox 661 1879 817 1910; x_wconf 82' lang='lat' dir='ltr'>defuturos</span> <span class='ocrx_word' id='word_1_340' title='bbox 838 1878 1009 1917; x_wconf 76' lang='lat' dir='ltr'>putavisse,</span> <span class='ocrx_word' id='word_1_341' title='bbox 1042 1878 1094 1917; x_wconf 84' lang='lat' dir='ltr'>qui</span> <span class='ocrx_word' id='word_1_342' title='bbox 1115 1878 1215 1916; x_wconf 88' lang='lat' dir='ltr'>ipsum</span> <span class='ocrx_word' id='word_1_343' title='bbox 1238 1878 1420 1917; x_wconf 79' lang='lat' dir='ltr'>vituperent.</span> <span class='ocrx_word' id='word_1_344' title='bbox 1465 1878 1564 1910; x_wconf 80' lang='lat' dir='ltr'>Versu</span> <span class='ocrx_word' id='word_1_345' title='bbox 1592 1880 1669 1910; x_wconf 87' lang='lat' dir='ltr'>enim</span> <span class='ocrx_word' id='word_1_346' title='bbox 1696 1883 1729 1911; x_wconf 81' lang='grc'>19</span> <span class='ocrx_word' id='word_1_347' title='bbox 1753 1890 1796 1920; x_wconf 87' lang='lat' dir='ltr'>sq.</span> <span class='ocrx_word' id='word_1_348' title='bbox 1820 1882 1900 1921; x_wconf 83' lang='lat' dir='ltr'>dicit,</span> 
     </span>
     <span class='ocr_line' id='line_1_33' title="bbox 180 1931 1427 1974; baseline -0.003 -8"><span class='ocrx_word' id='word_1_349' title='bbox 180 1937 342 1974; x_wconf 81' lang='lat' dir='ltr'>postquam</span> <span class='ocrx_word' id='word_1_350' title='bbox 366 1934 495 1972; x_wconf 78' lang='lat' dir='ltr'>Agesiac</span> <span class='ocrx_word' id='word_1_351' title='bbox 516 1942 582 1964; x_wconf 90' lang='lat' dir='ltr'>cum</span> <span class='ocrx_word' id='word_1_352' title='bbox 605 1932 792 1971; x_wconf 81' lang='lat' dir='ltr'>Amphiarao</span> <span class='ocrx_word' id='word_1_353' title='bbox 815 1932 1073 1970; x_wconf 78' lang='lat' dir='ltr'>comparationem</span> <span class='ocrx_word' id='word_1_354' title='bbox 1097 1931 1137 1961; x_wconf 86' lang='lat' dir='ltr'>ad</span> <span class='ocrx_word' id='word_1_355' title='bbox 1159 1931 1249 1961; x_wconf 75' lang='lat' dir='ltr'>tinem</span> <span class='ocrx_word' id='word_1_356' title='bbox 1269 1931 1427 1970; x_wconf 80' lang='lat' dir='ltr'>perduxit:</span> 
     </span>
    </p>

    <p class='ocr_par' dir='ltr' id='par_1_7' title="bbox 544 1982 1293 2026">
     <span class='ocr_line' id='line_1_34' title="bbox 544 1982 1293 2026; baseline -0.004 -10"><span class='ocrx_word' id='word_1_357' title='bbox 544 1984 615 2017; x_wconf 62' lang='lat' dir='ltr'>oiim</span> <span class='ocrx_word' id='word_1_358' title='bbox 642 1986 763 2026; x_wconf 56' lang='grc' dir='ltr'>δύςιρις</span> <span class='ocrx_word' id='word_1_359' title='bbox 786 1986 846 2015; x_wconf 73' lang='grc' dir='ltr'>ἐών</span> <span class='ocrx_word' id='word_1_360' title='bbox 867 1983 930 2015; x_wconf 70' lang='lat' dir='ltr'>‹ii’r&#39;z&#39;</span> <span class='ocrx_word' id='word_1_361' title='bbox 953 1986 996 2014; x_wconf 75' lang='grc' dir='ltr'>ὠν</span> <span class='ocrx_word' id='word_1_362' title='bbox 1020 1984 1193 2025; x_wconf 68' lang='grc' dir='ltr'><em>ψλόιέικος</em></span> <span class='ocrx_word' id='word_1_363' title='bbox 1211 1982 1293 2023; x_wconf 74' lang='grc' dir='ltr'><em>ἄγαν</em></span> 
     </span>
    </p>

    <p class='ocr_par' dir='ltr' id='par_1_8' title="bbox 544 2037 1371 2079">
     <span class='ocr_line' id='line_1_35' title="bbox 544 2037 1371 2079; baseline -0.002 -10"><span class='ocrx_word' id='word_1_364' title='bbox 544 2041 595 2070; x_wconf 82' lang='grc' dir='ltr'>καὶ</span> <span class='ocrx_word' id='word_1_365' title='bbox 619 2045 719 2079; x_wconf 64' lang='grc' dir='ltr'><em>μέγαν</em></span> <span class='ocrx_word' id='word_1_366' title='bbox 741 2038 834 2078; x_wconf 70' lang='grc' dir='ltr'><em>ὅρκον</em></span> <span class='ocrx_word' id='word_1_367' title='bbox 854 2038 1000 2077; x_wconf 77' lang='grc' dir='ltr'><em>ὀμόσσας</em></span> <span class='ocrx_word' id='word_1_368' title='bbox 1019 2037 1115 2067; x_wconf 76' lang='grc' dir='ltr'><em>τοῦτο’</em></span> <span class='ocrx_word' id='word_1_369' title='bbox 1135 2042 1171 2076; x_wconf 70' lang='grc' dir='ltr'>γέ</span> <span class='ocrx_word' id='word_1_370' title='bbox 1192 2037 1222 2067; x_wconf 82' lang='grc' dir='ltr'><em>οἱ</em></span> <span class='ocrx_word' id='word_1_371' title='bbox 1242 2041 1371 2077; x_wconf 74' lang='grc' dir='ltr'><em>σαᾳέως</em></span> 
     </span>
    </p>

    <p class='ocr_par' dir='ltr' id='par_1_9' title="bbox 179 2091 1899 2239">
     <span class='ocr_line' id='line_1_36' title="bbox 544 2091 1402 2134; baseline -0.001 -13"><span class='ocrx_word' id='word_1_372' title='bbox 544 2093 745 2134; x_wconf 67' lang='grc' dir='ltr'><em>μαρτυρήσω</em></span> <span class='ocrx_word' id='word_1_373' title='bbox 766 2093 976 2132; x_wconf 65' lang='grc' dir='ltr'><em>μελίφθογγοι</em></span> <span class='ocrx_word' id='word_1_374' title='bbox 998 2091 1026 2121; x_wconf 81' lang='grc' dir='ltr'>δ’</span> <span class='ocrx_word' id='word_1_375' title='bbox 1035 2092 1244 2131; x_wconf 66' lang='grc' dir='ltr'><em>ἐπιτρέψοντι</em></span> <span class='ocrx_word' id='word_1_376' title='bbox 1267 2093 1402 2121; x_wconf 86' lang='grc' dir='ltr'><em>Μοῖσαι.</em></span> 
     </span>
     <span class='ocr_line' id='line_1_37' title="bbox 181 2143 1899 2186; baseline 0 -9"><span class='ocrx_word' id='word_1_377' title='bbox 181 2147 296 2185; x_wconf 77' lang='lat' dir='ltr'>Quibus</span> <span class='ocrx_word' id='word_1_378' title='bbox 320 2146 420 2177; x_wconf 76' lang='lat' dir='ltr'>verbis</span> <span class='ocrx_word' id='word_1_379' title='bbox 444 2150 535 2186; x_wconf 75' lang='lat' dir='ltr'>poeta</span> <span class='ocrx_word' id='word_1_380' title='bbox 558 2147 677 2177; x_wconf 85' lang='lat' dir='ltr'>videtur</span> <span class='ocrx_word' id='word_1_381' title='bbox 696 2155 841 2185; x_wconf 77' lang='lat' dir='ltr'>magnum</span> <span class='ocrx_word' id='word_1_382' title='bbox 864 2154 897 2176; x_wconf 84' lang='lat' dir='ltr'>se</span> <span class='ocrx_word' id='word_1_383' title='bbox 918 2148 949 2175; x_wconf 84' lang='lat' dir='ltr'>ct</span> <span class='ocrx_word' id='word_1_384' title='bbox 967 2144 1067 2175; x_wconf 80' lang='lat' dir='ltr'>audax</span> <span class='ocrx_word' id='word_1_385' title='bbox 1089 2143 1203 2183; x_wconf 89' lang='lat' dir='ltr'>aliquid</span> <span class='ocrx_word' id='word_1_386' title='bbox 1223 2143 1359 2175; x_wconf 87' lang='lat' dir='ltr'>locutum</span> <span class='ocrx_word' id='word_1_387' title='bbox 1382 2152 1450 2174; x_wconf 84' lang='lat' dir='ltr'>esse</span> <span class='ocrx_word' id='word_1_388' title='bbox 1471 2146 1577 2183; x_wconf 68' lang='lat' dir='ltr'>aperto</span> <span class='ocrx_word' id='word_1_389' title='bbox 1599 2144 1744 2176; x_wconf 84' lang='lat' dir='ltr'>confiteri.</span> <span class='ocrx_word' id='word_1_390' title='bbox 1790 2147 1899 2177; x_wconf 82' lang='lat' dir='ltr'>Audax</span> 
     </span>
     <span class='ocr_line' id='line_1_38' title="bbox 179 2197 1589 2239; baseline -0.003 -8"><span class='ocrx_word' id='word_1_391' title='bbox 179 2200 251 2231; x_wconf 90' lang='lat' dir='ltr'>illud</span> <span class='ocrx_word' id='word_1_392' title='bbox 276 2200 366 2239; x_wconf 79' lang='lat' dir='ltr'>quale</span> <span class='ocrx_word' id='word_1_393' title='bbox 388 2201 438 2237; x_wconf 78' lang='lat' dir='ltr'>sit,</span> <span class='ocrx_word' id='word_1_394' title='bbox 460 2209 596 2239; x_wconf 76' lang='lat' dir='ltr'>quosque</span> <span class='ocrx_word' id='word_1_395' title='bbox 620 2200 752 2231; x_wconf 85' lang='lat' dir='ltr'>audacia</span> <span class='ocrx_word' id='word_1_396' title='bbox 775 2199 826 2230; x_wconf 86' lang='lat' dir='ltr'>illa</span> <span class='ocrx_word' id='word_1_397' title='bbox 850 2198 1006 2229; x_wconf 75' lang='lat' dir='ltr'>offendere</span> <span class='ocrx_word' id='word_1_398' title='bbox 1028 2197 1171 2236; x_wconf 74' lang='lat' dir='ltr'>potuerit,</span> <span class='ocrx_word' id='word_1_399' title='bbox 1194 2206 1275 2228; x_wconf 88' lang='lat' dir='ltr'>nunc</span> <span class='ocrx_word' id='word_1_400' title='bbox 1298 2201 1346 2228; x_wconf 88' lang='lat' dir='ltr'>est</span> <span class='ocrx_word' id='word_1_401' title='bbox 1368 2197 1589 2236; x_wconf 77' lang='lat' dir='ltr'>explicandum.</span> 
     </span>
    </p>

    <p class='ocr_par' dir='ltr' id='par_1_10' title="bbox 178 2250 1898 2502">
     <span class='ocr_line' id='line_1_39' title="bbox 275 2250 1898 2291; baseline 0 -8"><span class='ocrx_word' id='word_1_402' title='bbox 275 2253 320 2284; x_wconf 75' lang='lat' dir='ltr'>Nc</span> <span class='ocrx_word' id='word_1_403' title='bbox 343 2253 380 2283; x_wconf 88' lang='lat' dir='ltr'>dc</span> <span class='ocrx_word' id='word_1_404' title='bbox 410 2253 523 2283; x_wconf 74' lang='lat' dir='ltr'>invidia</span> <span class='ocrx_word' id='word_1_405' title='bbox 548 2254 644 2284; x_wconf 87' lang='lat' dir='ltr'>dicam</span> <span class='ocrx_word' id='word_1_406' title='bbox 666 2253 793 2283; x_wconf 86' lang='lat' dir='ltr'>aliorum</span> <span class='ocrx_word' id='word_1_407' title='bbox 816 2255 973 2291; x_wconf 82' lang='lat' dir='ltr'>poctarum</span> <span class='ocrx_word' id='word_1_408' title='bbox 999 2254 1045 2281; x_wconf 86' lang='lat' dir='ltr'>tot</span> <span class='ocrx_word' id='word_1_409' title='bbox 1068 2250 1192 2281; x_wconf 87' lang='lat' dir='ltr'>Pindari</span> <span class='ocrx_word' id='word_1_410' title='bbox 1215 2250 1397 2281; x_wconf 85' lang='lat' dir='ltr'>carminibus</span> <span class='ocrx_word' id='word_1_411' title='bbox 1420 2251 1572 2289; x_wconf 77' lang='lat' dir='ltr'>castigata</span> <span class='ocrx_word' id='word_1_412' title='bbox 1596 2259 1709 2289; x_wconf 88' lang='lat' dir='ltr'>eorum,</span> <span class='ocrx_word' id='word_1_413' title='bbox 1733 2259 1809 2289; x_wconf 88' lang='lat' dir='ltr'>quos</span> <span class='ocrx_word' id='word_1_414' title='bbox 1831 2252 1898 2291; x_wconf 84' lang='lat' dir='ltr'>ipsa</span> 
     </span>
     <span class='ocr_line' id='line_1_40' title="bbox 180 2303 1896 2345; baseline 0 -9"><span class='ocrx_word' id='word_1_415' title='bbox 180 2306 305 2336; x_wconf 87' lang='lat' dir='ltr'>Pindari</span> <span class='ocrx_word' id='word_1_416' title='bbox 334 2306 378 2336; x_wconf 73' lang='lat' dir='ltr'>vis</span> <span class='ocrx_word' id='word_1_417' title='bbox 405 2307 524 2345; x_wconf 82' lang='lat' dir='ltr'>poetica</span> <span class='ocrx_word' id='word_1_418' title='bbox 553 2310 588 2336; x_wconf 81' lang='lat' dir='ltr'>ut</span> <span class='ocrx_word' id='word_1_419' title='bbox 611 2306 753 2336; x_wconf 82' lang='lat' dir='ltr'>stimulus</span> <span class='ocrx_word' id='word_1_420' title='bbox 776 2305 949 2344; x_wconf 72' lang='lat' dir='ltr'>pungebat,</span> <span class='ocrx_word' id='word_1_421' title='bbox 978 2304 1097 2341; x_wconf 66' lang='lat' dir='ltr'>insigne</span> <span class='ocrx_word' id='word_1_422' title='bbox 1126 2303 1200 2334; x_wconf 91' lang='lat' dir='ltr'>illud</span> <span class='ocrx_word' id='word_1_423' title='bbox 1230 2307 1261 2334; x_wconf 84' lang='lat' dir='ltr'>et</span> <span class='ocrx_word' id='word_1_424' title='bbox 1290 2304 1436 2334; x_wconf 81' lang='lat' dir='ltr'>audacter</span> <span class='ocrx_word' id='word_1_425' title='bbox 1465 2303 1578 2334; x_wconf 79' lang='lat' dir='ltr'>&lt;lictum</span> <span class='ocrx_word' id='word_1_426' title='bbox 1607 2303 1644 2333; x_wconf 84' lang='lat' dir='ltr'>de</span> <span class='ocrx_word' id='word_1_427' title='bbox 1672 2304 1803 2342; x_wconf 85' lang='lat' dir='ltr'>Agesiac</span> <span class='ocrx_word' id='word_1_428' title='bbox 1831 2315 1896 2336; x_wconf 90' lang='lat' dir='ltr'>cum</span> 
     </span>
     <span class='ocr_line' id='line_1_41' title="bbox 178 2355 1896 2397; baseline 0.002 -12"><span class='ocrx_word' id='word_1_429' title='bbox 178 2355 363 2394; x_wconf 80' lang='lat' dir='ltr'>Amphiarao</span> <span class='ocrx_word' id='word_1_430' title='bbox 387 2355 585 2386; x_wconf 81' lang='lat' dir='ltr'>similitudinc</span> <span class='ocrx_word' id='word_1_431' title='bbox 616 2364 714 2386; x_wconf 83' lang='lat' dir='ltr'>nonne</span> <span class='ocrx_word' id='word_1_432' title='bbox 741 2356 791 2386; x_wconf 91' lang='lat' dir='ltr'>uni</span> <span class='ocrx_word' id='word_1_433' title='bbox 816 2355 944 2385; x_wconf 76' lang='lat' dir='ltr'>alterive</span> <span class='ocrx_word' id='word_1_434' title='bbox 973 2357 1160 2387; x_wconf 72' lang='lat' dir='ltr'>audientium</span> <span class='ocrx_word' id='word_1_435' title='bbox 1189 2357 1311 2387; x_wconf 89' lang='lat' dir='ltr'>nimium</span> <span class='ocrx_word' id='word_1_436' title='bbox 1338 2357 1433 2387; x_wconf 77' lang='lat' dir='ltr'>videri</span> <span class='ocrx_word' id='word_1_437' title='bbox 1464 2357 1588 2395; x_wconf 69' lang='lat' dir='ltr'>potuit?</span> <span class='ocrx_word' id='word_1_438' title='bbox 1618 2356 1702 2387; x_wconf 84' lang='lat' dir='ltr'>Eone</span> <span class='ocrx_word' id='word_1_439' title='bbox 1731 2358 1896 2397; x_wconf 78' lang='lat' dir='ltr'>pertineat,</span> 
     </span>
     <span class='ocr_line' id='line_1_42' title="bbox 178 2408 1896 2449; baseline 0.001 -10"><span class='ocrx_word' id='word_1_440' title='bbox 178 2409 260 2447; x_wconf 82' lang='lat' dir='ltr'>quod</span> <span class='ocrx_word' id='word_1_441' title='bbox 284 2412 374 2448; x_wconf 83' lang='lat' dir='ltr'>poeta</span> <span class='ocrx_word' id='word_1_442' title='bbox 397 2408 531 2439; x_wconf 83' lang='lat' dir='ltr'>affirmat</span> <span class='ocrx_word' id='word_1_443' title='bbox 554 2419 586 2439; x_wconf 84' lang='lat' dir='ltr'>sc</span> <span class='ocrx_word' id='word_1_444' title='bbox 609 2409 728 2439; x_wconf 88' lang='lat' dir='ltr'>minime</span> <span class='ocrx_word' id='word_1_445' title='bbox 752 2418 819 2439; x_wconf 73' lang='lat' dir='ltr'>esse</span> <span class='ocrx_word' id='word_1_446' title='bbox 843 2409 977 2440; x_wconf 83' lang='lat' dir='ltr'>rixosum</span> <span class='ocrx_word' id='word_1_447' title='bbox 992 2409 1236 2448; x_wconf 75' lang='lat' dir='ltr'>ctjurcjurando</span> <span class='ocrx_word' id='word_1_448' title='bbox 1258 2410 1333 2440; x_wconf 91' lang='lat' dir='ltr'>illud</span> <span class='ocrx_word' id='word_1_449' title='bbox 1357 2410 1561 2440; x_wconf 67' lang='lat' dir='ltr'>contendere?</span> <span class='ocrx_word' id='word_1_450' title='bbox 1590 2409 1697 2440; x_wconf 78' lang='lat' dir='ltr'>Nonne</span> <span class='ocrx_word' id='word_1_451' title='bbox 1719 2413 1753 2440; x_wconf 90' lang='lat' dir='ltr'>ut</span> <span class='ocrx_word' id='word_1_452' title='bbox 1767 2411 1896 2449; x_wconf 76' lang='lat' dir='ltr'>Agesiae</span> 
     </span>
     <span class='ocr_line' id='line_1_43' title="bbox 178 2461 1896 2502; baseline 0.001 -10"><span class='ocrx_word' id='word_1_453' title='bbox 178 2462 299 2492; x_wconf 86' lang='lat' dir='ltr'>laudem</span> <span class='ocrx_word' id='word_1_454' title='bbox 324 2462 410 2492; x_wconf 81' lang='lat' dir='ltr'>nimis</span> <span class='ocrx_word' id='word_1_455' title='bbox 434 2471 621 2500; x_wconf 62' lang='lat' dir='ltr'>exaggerare</span> <span class='ocrx_word' id='word_1_456' title='bbox 651 2462 693 2492; x_wconf 84' lang='lat' dir='ltr'>ita</span> <span class='ocrx_word' id='word_1_457' title='bbox 721 2461 757 2492; x_wconf 87' lang='lat' dir='ltr'>de</span> <span class='ocrx_word' id='word_1_458' title='bbox 781 2461 958 2500; x_wconf 84' lang='lat' dir='ltr'>Amphiarai</span> <span class='ocrx_word' id='word_1_459' title='bbox 987 2463 1136 2501; x_wconf 75' lang='lat' dir='ltr'>dignitate</span> <span class='ocrx_word' id='word_1_460' title='bbox 1161 2462 1326 2502; x_wconf 80' lang='lat' dir='ltr'>dcccrpcrc</span> <span class='ocrx_word' id='word_1_461' title='bbox 1350 2466 1442 2501; x_wconf 82' lang='lat' dir='ltr'>pocta</span> <span class='ocrx_word' id='word_1_462' title='bbox 1471 2472 1488 2493; x_wconf 87' lang='lat' dir='ltr'>a</span> <span class='ocrx_word' id='word_1_463' title='bbox 1518 2462 1670 2493; x_wconf 82' lang='lat' dir='ltr'>nonnullis</span> <span class='ocrx_word' id='word_1_464' title='bbox 1693 2463 1792 2501; x_wconf 86' lang='lat' dir='ltr'>potuit</span> <span class='ocrx_word' id='word_1_465' title='bbox 1815 2464 1896 2495; x_wconf 73' lang='lat' dir='ltr'>dici?</span> 
     </span>
    </p>

    <p class='ocr_par' dir='ltr' id='par_1_11' title="bbox 1657 2530 1688 2554">
     <span class='ocr_line' id='line_1_44' title="bbox 1657 2530 1688 2554; baseline 0 -12"><span class='ocrx_word' id='word_1_466' title='bbox 1657 2530 1688 2554; x_wconf 74' lang='lat'>1.</span> 
     </span>
    </p>
   </div>
  </div>
 </body>
</html>
