2066 2870
1010 204 1044 232 12

153 316 209 347 uti.
255 313 406 352 Quoniam
431 315 535 342 autem
561 310 726 341 Hieronem
750 318 785 339 ex
809 308 973 347 bonorum,
994 317 1070 347 quos
1093 307 1242 338 Pindarus
1266 307 1355 345 (licit,
1380 316 1509 338 numero
1530 307 1626 337 fuisso
1650 306 1807 345 probabile
1831 311 1888 345 est,

155 369 227 408 quia
248 367 429 406 plerumque
453 365 542 396 finem
565 363 734 395 carminum
755 362 794 392 ad
816 371 884 393 eum
908 362 1100 400 potissimum
1124 364 1263 400 spectare
1289 360 1436 399 videmus,
1458 360 1506 391 cui
1530 361 1646 398 scripta
1669 363 1751 392 sunt.
1776 360 1804 391 in
1829 360 1889 391 fine

154 421 295 453 carminis
320 429 354 451 eo
379 418 555 455 revertitur,
579 416 660 447 unde
679 416 777 446 altera
799 424 872 454 pars
896 414 1016 454 incipit:
1040 424 1078 445 ne
1102 414 1194 444 Hiero
1217 413 1380 444 fraudibus
1403 422 1435 444 se
1458 413 1553 452 decipi
1577 413 1724 452 patiatur.
1770 413 1804 444 In
1828 421 1887 452 quo

154 474 225 505 mihi
249 476 341 513 poeta
364 482 398 503 eo
423 471 545 502 videtur
566 469 713 500 urbanior
735 477 817 505 esse,
839 467 921 507 quod
945 471 976 498 et
999 467 1141 498 Hieronis
1165 476 1197 497 sc
1221 466 1386 506 prudentia
1410 465 1489 497 adeo
1515 466 1669 497 confidere
1694 465 1824 504 indicat,
1855 470 1889 497 ut

154 537 221 559 eum
243 527 280 558 ab
302 527 367 565 ipso
388 523 557 555 abalienari
580 531 672 562 posse
695 531 732 553 ne
755 521 892 560 cogitare
914 521 1036 560 quidem
1060 520 1211 557 videatur.
1236 523 1265 550 et
1291 520 1479 550 inimicorum
1504 519 1583 550 dolis
1606 523 1668 550 tam
1690 520 1838 551 intactum
1856 529 1889 551 se

155 581 300 620 praebet,
324 582 357 610 ut
380 587 447 609 eum
466 576 693 616 imprudentiae
714 577 745 606 et
767 574 898 606 invidiae
922 584 1028 605 corum
1052 582 1148 613 paene
1171 573 1330 606 misereat:
1352 582 1413 612 quo
1438 572 1487 607 fit,
1510 575 1541 603 ut
1566 572 1601 602 iis
1623 573 1767 607 suadeat.
1789 573 1813 603 si
1836 572 1888 603 illa

155 634 236 665 mala
259 632 393 671 effugere
417 631 524 663 velint.
546 630 640 669 ipsius
662 628 832 667 exemplum
856 632 1039 667 sequantur,
1060 626 1180 657 honesti
1205 627 1265 657 sint
1290 629 1320 656 et
1342 635 1398 656 sua
1420 629 1503 656 sorte
1526 626 1672 656 contenti.

253 686 322 717 Jam
354 688 388 716 ut
412 684 494 715 brevi
526 683 729 722 complectar,
763 691 842 721 quac
872 682 913 712 sit
941 680 1095 711 sententia
1125 680 1220 710 totius
1251 679 1408 710 carminis.
1443 679 1624 718 sapientiam
1655 678 1721 709 dico
1746 678 1887 709 Hieronis

155 740 327 780 oppositam
348 747 414 769 esse
436 737 660 776 imprudentiae
685 735 816 775 primum
840 734 969 771 Ixionis,
1003 733 1053 772 qui
1083 732 1209 764 fortuna
1231 732 1418 763 obcaecatus
1438 732 1518 762 ultro
1551 732 1580 762 in
1601 732 1762 771 perniciem
1786 731 1888 768 irruit.

156 798 187 825 et
209 793 337 832 alicujus
362 791 534 829 insolentis,
565 790 649 829 cujus
672 789 758 820 Ixion
782 788 953 827 exemplum
977 790 1037 824 est,
1075 786 1183 818 deinde
1207 786 1379 816 delatorum
1405 788 1436 816 et
1459 785 1715 816 obtrectatorum.
1750 785 1803 823 qui
1832 793 1889 815 sua

157 847 271 878 invidia
293 848 401 885 pectus
426 844 483 875 sibi
507 843 686 874 dilacerant.
730 843 832 880 Atque
855 850 922 872 cum
944 841 975 871 in
998 840 1092 880 priori
1112 843 1200 878 parte
1221 842 1310 878 poeta
1332 839 1445 869 Ixionis
1468 838 1571 869 fabula
1593 838 1634 869 sit
1653 847 1734 876 usus7
1760 838 1889 869 mediam

157 899 392 939 interposuerit,
435 902 468 928 ut
498 896 642 928 Hieronis
676 895 860 935 sapientiam
898 894 989 925 laude
1027 893 1173 932 niaJ'orem
1209 892 1419 932 praedicaret.
1460 892 1525 931 ejus
1555 901 1623 922 cum
1653 891 1888 923 Rhadamantho

159 952 402 990 similitudinem,
426 951 581 982 delatores
604 949 672 980 illos
696 951 727 979 et
750 948 878 986 invidos,
903 950 1009 987 utpote
1030 955 1126 985 genus
1150 945 1315 984 maligniun
1340 949 1369 976 et
1392 945 1582 977 detestabile.
1609 946 1684 976 satis
1705 945 1797 976 habet
1819 955 1887 977 cum

158 1007 253 1038 simiis
276 1009 307 1037 et
328 1005 467 1044 vulpibus
491 1012 680 1043 componere.
