2066 2870
997 188 1014 217 6

140 297 219 329 Nam
238 296 385 337 judicium
408 304 468 326 non
489 294 615 331 eodem,
644 302 703 333 quo
727 294 889 332 epinicium
912 297 1035 324 cantum
1058 293 1114 330 sit,
1144 295 1282 331 tempore
1304 291 1475 323 faciendum
1497 291 1606 330 fuisse,
1637 292 1775 331 equidem
1799 293 1872 324 mihi

139 350 222 382 nullo
245 349 335 380 modo
359 358 484 389 possum
506 347 704 387 persuadere.
749 346 831 383 Quid
854 346 933 386 quod
959 346 1115 377 vocabulis
1138 343 1265 384 ἄγγελος
1285 348 1316 375 61
1339 344 1485 376 σκυτάλα
1507 345 1695 376 internuncii
1714 345 1870 385 cujusdam

140 405 295 435 notionem
322 403 421 433 inesse
445 405 677 440 exspectamus,
711 400 758 431 cui
789 403 823 430 ut
852 400 1014 439 epinicium
1043 399 1120 430 bene
1147 398 1321 437 excipiatur
1351 401 1382 429 et
1409 398 1573 437 probetur,
1606 397 1800 429 efficiendum
1823 399 1873 438 sit,

140 459 240 497 quod,
277 460 311 488 ut
339 460 458 487 taceam
489 454 526 485 de
562 453 701 493 impulsis
731 454 771 484 ad
802 453 948 492 hymnum
977 452 1148 484 canendum
1179 451 1350 490 choreutis,
1393 450 1432 482 ab
1462 451 1527 490 ipso
1557 452 1689 482 carmine
1717 452 1872 491 postulari

140 519 331 552 nequaquam
353 512 457 549 potest
467 510 482 539 ’.ν

237 564 336 595 Alium
359 563 454 601 igitur
475 560 647 591 vocativum
681 559 906 597 desideramus,
933 568 991 598 quo
1022 559 1047 589 is
1069 557 1285 596 compelletur,
1319 557 1405 597 qu'us
1437 566 1524 596 opem
1551 560 1644 596 poeta
1664 557 1811 596 implorat
1832 557 1871 588 ad

141 619 259 650 animos
282 616 341 648 sibi
364 613 580 646 conciliandos.
616 615 805 651 Quamquam
829 615 930 642 autem
954 612 984 642 in
1007 611 1064 642 hac
1085 611 1266 650 quaestione
1291 620 1309 641 a
1324 610 1491 641 Schmidtio
1513 613 1598 641 stare
1620 619 1748 650 nequeo,
1769 614 1871 642 tamen

140 680 270 710 magnas
293 671 319 701 ei
343 678 389 699 me
407 668 528 707 gratias
551 666 664 697 habere
686 665 819 696 libenter
840 665 1004 703 confiteor,
1028 664 1109 703 quod
1133 664 1169 694 de
1191 664 1357 694 certamine
1379 663 1508 703 quodam
1532 664 1747 702 cogitationem
1769 664 1800 694 in
1823 672 1872 695 me

142 726 260 766 primus
288 721 451 759 excitavit,
474 720 554 759 quod
577 719 667 758 quale
689 719 738 758 sit,
760 727 840 749 nunc
862 718 953 749 liceat
976 726 1156 757 proponere.
1200 717 1365 754 Quaeritur
1386 717 1442 748 hoc
1463 717 1527 748 1060
1549 717 1697 756 imprimis
1720 717 1757 748 de
1779 717 1873 756 expli-

142 778 262 811 catione
292 783 436 806 versuum
467 776 504 804 82
531 776 563 804 et
590 775 645 812 83,
685 772 722 803 de
753 772 863 811 quibus
892 771 956 802 fere
985 774 1062 810 quot
1090 771 1278 810 interpretes
1307 773 1355 801 tot
1385 770 1567 801 sententiae.
1618 770 1660 801 Ut
1689 773 1808 801 taceam
1835 770 1872 801 de

144 831 278 869 scholiis,
301 827 475 859 Boeckhius
499 835 605 857 versus
628 826 656 856 in
690 825 770 857 hunc
796 825 860 856 fere
881 824 1003 856 modum
1027 824 1134 855 vertit:
1163 823 1285 854 videtur
1308 823 1380 854 111111
1403 823 1443 854 ad
1464 823 1599 862 linguam
1621 833 1688 855 esse
1711 833 1761 855 cos
1781 827 1872 855 acute

145 892 260 916 sonans
281 885 312 913 et
335 881 477 919 stridula,
498 888 578 918 quae
594 878 667 909 mihi
687 879 822 917 linguam
844 881 936 909 acuat
958 880 989 908 et
1011 878 1054 909 ad
1076 877 1241 908 dicendum
1263 878 1298 908 id
1321 877 1404 916 quod
1426 877 1570 908 dicturas
1593 888 1663 908 sum
1683 879 1794 909 ewcitet
1816 877 1871 909 sub

144 936 285 969 dulcibus
312 934 456 966 carminis
485 936 517 964 et
550 933 829 963 instrumentorum
852 933 952 965 sonis:
987 931 1039 962 scl.
1069 931 1138 961 avia
1168 930 1242 961 mihi
1273 935 1321 961 est
1349 930 1474 969 Metopa
1502 930 1711 970 Stymphalia,
1752 930 1871 962 Thebes

142 990 251 1022 matris
275 997 361 1019 meae
382 991 490 1018 mater.
535 986 634 1023 Quam
662 985 893 1024 explicationem
920 985 1054 1016 Pindaro
1082 985 1242 1023 indignam
1266 992 1335 1014 esse
1358 983 1531 1021 Hartungio
1552 983 1641 1014 facile
1662 984 1871 1022 concesserim,

143 1051 329 1084 quamquam
352 1041 432 1080 quod
455 1040 534 1070 idem
556 1039 588 1069 in
613 1039 709 1069 virum
732 1039 839 1069 eximie
872 1038 909 1069 de
931 1038 1065 1069 Pindaro
1087 1039 1229 1068 meritum
1254 1037 1308 1068 tali
1340 1036 1429 1067 modo
1458 1037 1598 1068 invectus
1620 1040 1684 1075 est,
1713 1046 1871 1076 nunquam

142 1096 287 1137 probabo.
339 1094 425 1132 Quod
451 1093 645 1131 Hartungius
674 1093 739 1131 ipse
771 1092 880 1122 vertit:
917 1092 969 1123 Ich
998 1091 1084 1122 stehe
1112 1092 1142 1122 in
1172 1091 1238 1121 dem
1262 1090 1415 1121 Anschein
1443 1090 1518 1121 oder
1541 1090 1603 1121 Rus
1625 1090 1708 1121 eines
1731 1090 1871 1122 scharfen

143 1149 346 1186 Wetzsteins,
373 1147 448 1178 oder
469 1146 568 1177 meine
588 1145 692 1184 Zunge
713 1146 754 1176 ist
777 1144 968 1184 geschhffeu,
1009 1144 1090 1184 quod
1122 1147 1282 1183 comparat
1310 1153 1377 1174 cum
1399 1143 1487 1182 Pyth.
1518 1144 1541 1181 I,
1568 1146 1622 1174 87:
1662 1144 1809 1186 ἀψευδεῖ
1835 1144 1870 1174 δὲ

143 1205 223 1243 πρὸς
243 1200 359 1241 ἄκμονι
376 1200 510 1239 χάλκευε
532 1199 698 1238 γλῶσσαν,
721 1198 751 1229 id
773 1199 798 1229 Si
820 1202 912 1237 poeta
934 1198 1099 1236 voluisset,
1122 1198 1203 1228 haud
1226 1198 1288 1228 scio
1310 1206 1350 1228 an
1372 1206 1432 1227 1101]
1455 1197 1557 1233 δόξαν
1585 1198 1646 1235 ἔχω
1668 1197 1726 1227 τιν’
1743 1197 1870 1237 α’κόνας,

142 1257 196 1289 sed
217 1254 373 1295 ἐπ’ᾱκόνᾳ
394 1254 422 1284 h.
448 1262 473 1284 e.
493 1255 621 1292 propter
642 1255 757 1289 cotem,
779 1251 832 1282 auf
853 1251 960 1283 Grund
982 1252 1064 1282 eines
1087 1251 1134 1282 W.
1158 1252 1327 1290 scripturus
1351 1250 1470 1281 fuisset.
1515 1250 1673 1281 Schmidtii
1692 1251 1756 1290 jam
1777 1260 1870 1290 supra

141 1310 273 1341 vidimus
294 1307 489 1339 sententiam.
533 1305 684 1345 Bcrgkius
707 1304 808 1341 δόξαν
831 1306 892 1343 ἔχω
914 1304 986 1335 τινά
1021 1305 1093 1335 ferri
1116 1314 1176 1335 non
1198 1313 1288 1344 posse
1317 1303 1507 1335 contendens
1531 1303 1725 1334 scribendum
1747 1308 1869 1335 censet:

142 1363 243 1400 δόξαν
266 1363 327 1401 ἔχω
348 1362 398 1391 τὶν
421 1360 476 1390 ἐπὶ
495 1359 625 1400 γλώσσᾳ
647 1358 765 1394 ἀκόνας
787 1359 912 1397 λιγυρᾶς
940 1362 972 1389 et
995 1359 1102 1389 vertit:
1133 1361 1225 1397 putas
1256 1357 1328 1388 mihi
1348 1360 1470 1388 acutam
1494 1360 1594 1388 cotem
1616 1358 1646 1388 in
1668 1357 1773 1396 lingua
1793 1357 1868 1389 esse.

142 1418 226 1449 Bene
255 1416 346 1447 etiam
375 1414 407 1445 T.
433 1413 651 1444 Mommsenius
678 1412 757 1443 hunc
787 1412 816 1442 in
845 1412 969 1442 modum
996 1411 1140 1450 explicat:
1171 1411 1223 1442 Ich
1245 1411 1322 1441 habe
1344 1428 1384 1432 —
1412 1410 1468 1441 auf
1494 1410 1547 1441 der
1567 1410 1687 1449 Zunge!
1718 1428 1758 1433 -
1780 1410 1871 1449 (statt

141 1480 196 1502 vor
219 1469 356 1508 Augenl)
378 1468 446 1498 eine
469 1467 526 1497 Art
548 1475 606 1497 von
631 1465 781 1504 Trugbild
804 1465 888 1496 eines
911 1464 1100 1503 klingendeu
1123 1464 1316 1502 Wetzsteins,
1341 1463 1468 1494 welches
1491 1472 1530 1494 an
1555 1463 1633 1494 mich
1657 1464 1716 1494 den
1740 1463 1869 1503 willigen

141 1521 370 1555 heranwandelt
385 1521 438 1551 mit
462 1521 539 1555 (sive
556 1520 606 1558 zu)
628 1519 721 1550 5611011
743 1518 954 1549 rauschenden
972 1518 1122 1556 Klangen.
1167 1518 1226 1549 Sed
1244 1520 1363 1548 tantum
1386 1517 1484 1555 abest,
1507 1520 1542 1548 ut
1557 1517 1688 1548 omnium
1712 1526 1870 1549 recensere

142 1577 312 1610 sententias
344 1578 374 1605 et
403 1583 497 1605 novas
527 1573 675 1604 lectiones
693 1571 841 1612 ,proferre
878 1571 984 1610 velim,
1017 1571 1200 1610 praesertim
1233 1580 1301 1602 cum
1331 1571 1423 1601 etiam
1456 1571 1486 1601 in
1523 1570 1620 1601 altero
1650 1579 1757 1602 versu:
1793 1569 1817 1601 ἅ
1835 1571 1870 1610 μ’

143 1631 302 1662 ἐθέλοντα
337 1627 499 1667 magram
531 1625 724 1666 καλλιρόοισι
755 1627 870 1661 πνοαῖς
913 1634 1100 1664 magnopere
1131 1624 1293 1655 discedant
1323 1624 1526 1663 interpretes,
1563 1627 1600 1654 ut
1634 1624 1710 1655 satis
1741 1624 1869 1655 habeam

144 1684 294 1721 docuisse,
316 1685 431 1722 quanta
448 1681 623 1720 opinionum
643 1679 808 1710 diversitas
823 1679 873 1717 sit⁷
895 1681 926 1709 et
951 1687 1028 1717 quae
1051 1677 1124 1708 mihi
1146 1678 1245 1708 inesse
1263 1677 1405 1708 videatur
1420 1677 1585 1716 sententia,
1606 1677 1689 1708 brevi
1710 1686 1870 1716 exponere.

242 1736 370 1768 Pindari
399 1734 590 1765 consuetudo
620 1734 698 1771 fert,
734 1737 768 1763 ut
801 1732 889 1763 ludos
923 1740 1028 1763 sacros
1059 1732 1115 1762 sibi
1146 1732 1377 1762 incitamentum
1407 1740 1474 1761 esse
1503 1730 1586 1761 dicat
1619 1730 1659 1760 ad
1689 1731 1868 1762 canendum.

145 1790 292 1822 Confel'as
322 1789 364 1820 Sis
395 1788 514 1827 Olymp.
549 1787 578 1825 I,
603 1789 634 1817 8:
675 1784 756 1816 ὅθεν
782 1785 854 1821 (εἷπ)
872 1785 1058 1824 Ὀλυμπίας)
1088 1785 1104 1814 ὁ
1143 1784 1329 1825 πολύᾳιετος
1363 1782 1459 1823 ἶῗμνος
1493 1783 1733 1824 ἀμφιβάλλεται
1759 1786 1870 1824 σοφῶν

143 1846 329 1885 μητίεσσιν,
354 1845 386 1872 et
408 1841 527 1880 Olylnp.
550 1840 603 1877 III,
634 1842 682 1870 lo:
705 1841 762 1875 ’τᾶς
783 1838 851 1868 ἄπο
875 1838 956 1871 1ιῖπό
974 1841 1092 1875 Πίσας)
1116 1838 1270 1877 ὕει’τμοροι
1302 1838 1440 1868 νίσσοντ’
1463 1837 1516 1867 ἐπ’
1531 1837 1728 1876 ἀνθρώπους
1749 1838 1868 1873 αόιδαί,

143 1897 256 1929 ibidem
274 1895 355 1935 quod
377 1898 469 1934 poeta
491 1903 580 1924 versu
598 1896 613 1922 Τ
639 1893 711 1923 dicit
742 1893 901 1923 victoriam
925 1901 942 1922 a
972 1901 1004 1922 se
1027 1901 1153 1930 poscere
1184 1893 1277 1921 τοῦτο
1304 1890 1494 1930 θεόδματον
1521 1894 1625 1929 χρέος,
1651 1890 1808 1931 φόρμιγγά
1834 1902 1868 1920 τε

145 1949 368 1989 ποικιλόγαρυν
390 1948 443 1977 καὶ
466 1948 548 1987 βοάν
571 1946 678 1977 αὐλῶν
698 1947 802 1976 ἐπὲων
827 1957 860 1975 τε
886 1949 981 1976 Cleon·
1005 1963 1043 1967 --
1066 1947 1241 1984 συμμῖξαι,
1266 1954 1366 1975 nonne
1388 1945 1472 1975 dicas
1495 1944 1564 1975 huic
1585 1953 1652 1975 Cum
1674 1948 1780 1975 nostro
1802 1944 1869 1976 loco

144 2013 294 2035 summam
324 2001 554 2033 similitudinem
587 2000 676 2031 esse?
713 2000 772 2030 Sed
810 2008 883 2030 cave
919 2002 1007 2038 putes
1040 1998 1206 2029 Pindarum
1238 1998 1285 2029 1116
1316 1998 1355 2029 (16
1387 1998 1515 2028 victoria
1543 1998 1717 2036 cogitasse,
1754 2000 1789 2028 ut
1817 1997 1869 2036 qui

146 2057 221 2089 talia
252 2064 373 2095 semper
411 2055 441 2085 in
481 2054 569 2084 initio
607 2053 748 2084 carminis
777 2053 923 2092 posuerit.
968 2052 1067 2083 Versu
1097 2054 1131 2082 Sl
1165 2055 1268 2082 autem
1300 2052 1458 2090 proprium
1497 2051 1659 2090 epinicium
1686 2049 1715 2081 11.
1747 2059 1773 2081 6.
1802 2050 1868 2082 laus

147 2110 279 2149 Agesiae
304 2112 335 2139 et
346 2107 535 2140 Jamidarum
557 2106 595 2137 ad
611 2106 701 2137 finem
724 2106 904 2145 perductum
927 2108 973 2136 est
997 2108 1027 2136 et
1050 2108 1158 2144 restat,
1181 2108 1217 2136 ut
1235 2108 1326 2144 poeta
1349 2104 1385 2134 de
1408 2114 1441 2135 se
1463 2107 1495 2134 et
1510 2103 1547 2134 de
1565 2104 1641 2142 loco,
1661 2103 1713 2134 ubi
1734 2107 1870 2141 canetur,

145 2167 175 2195 et
208 2163 245 2194 de
276 2161 455 2193 canentibus
484 2160 576 2191 dicat.
620 2160 704 2196 Quas
734 2168 782 2189 res
811 2162 899 2189 extra
929 2159 1051 2197 epinieii
1078 2158 1154 2189 fines
1184 2159 1302 2197 positas
1323 2167 1390 2188 cum
1412 2160 1582 2195 tractaret,
1612 2157 1685 2187 nihil
1716 2157 1743 2187 ei
1771 2157 1868 2195 magis

147 2216 232 2248 cordi
253 2224 321 2247 esse
344 2215 483 2252 debebat,
507 2223 598 2252 quam
622 2216 657 2243 ut
679 2221 800 2243 carmen
824 2221 912 2243 suum
934 2212 1118 2251 probaretur
1133 2220 1227 2250 eoque
1249 2211 1278 2242 id
1294 2211 1400 2249 magis,
1424 2210 1505 2249 quod
1519 2210 1700 2249 Stymphali,
1722 2209 1869 2240 Arcadiae

144 2270 175 2301 in
200 2269 320 2308 oppido,
343 2268 471 2299 victoria
486 2266 708 2304 celebrabatur,
731 2274 789 2305 qua
813 2266 843 2296 in
863 2266 987 2304 regione
1009 2265 1140 2296 fortasse
1157 2269 1219 2295 tum
1236 2265 1368 2303 primum
1381 2263 1506 2294 Pindari
1529 2263 1638 2294 chorus
1659 2262 1867 2301 exhibebatur,

144 2326 173 2354 et
195 2322 247 2353 ubi
275 2321 395 2361 placere
417 2321 542 2351 Pindari
566 2319 703 2350 Thebani
734 2319 842 2349 mirum
871 2322 1017 2357 quantum
1052 2319 1211 2348 intererat.
1254 2316 1467 2348 Intercedebat
1496 2317 1590 2355 igitur
1615 2316 1698 2346 inter
1719 2316 1867 2347 Boeotum

143 2385 210 2407 cum
235 2378 301 2406 toto
324 2373 434 2413 populo
464 2383 519 2404 suo
549 2372 630 2412 apud
653 2371 789 2402 Graecos
823 2372 901 2402 male
933 2371 1107 2402 audientem
1138 2376 1168 2402 et
1191 2370 1353 2401 Arcadiam
1377 2370 1516 2400 cantibus
1540 2369 1662 2400 minime
1686 2369 1867 2399 destitutam

143 2428 271 2459 certatio
296 2427 464 2466 quaedam,
494 2427 541 2457 cui
567 2430 600 2457 ut
623 2428 763 2464 optatum
786 2429 930 2455 eventum
955 2425 1059 2456 daret.
1088 2433 1184 2463 neque
1213 2433 1231 2454 a
1254 2433 1286 2454 se
1309 2432 1406 2462 neque
1434 2423 1472 2453 ab
1497 2424 1597 2452 Aenea
1620 2430 1718 2461 neque
1741 2421 1780 2452 ab
1805 2421 1866 2452 ullo

143 2482 278 2520 homine,
314 2481 367 2512 sed
396 2483 520 2510 tantum
550 2489 567 2510 a
595 2479 734 2510 numine.
773 2488 791 2509 a
827 2488 958 2518 persona
989 2478 1092 2509 divina
1122 2479 1290 2516 impetrare
1320 2480 1450 2516 poterat.
1496 2475 1588 2514 Cujus
1623 2484 1691 2506 cum
1722 2474 1866 2506 auxilium
