2066 2870
999 174 1017 203 4

147 278 264 310 Contra
293 277 347 308 hos
376 280 469 317 poeta
499 286 561 308 rem
594 280 681 308 extra
711 277 932 309 dubitationem
963 281 995 309 et
1023 278 1251 309 contentionem
1281 277 1414 316 positam
1445 286 1511 308 esse
1540 277 1630 317 dicit,
1672 278 1752 309 sicut
1783 279 1875 310 etiam

147 332 323 362 Hermanno
347 334 394 361 est
418 331 525 361 visum.
559 330 617 361 Sed
640 330 720 360 inest
740 339 808 361 mea
829 331 986 362 sententia
1008 333 1039 362 ct
1060 331 1130 362 hoc:
1154 330 1287 361 fremant
1310 339 1414 361 omncs
1437 331 1518 368 licet,
1541 331 1637 362 dicam
1659 331 1739 370 quod
1763 332 1875 362 sentio:

147 392 335 424 quamquam
366 393 426 414 non
457 392 524 414 sum
553 383 671 414 rixosus
698 386 730 414 et
758 393 876 414 omnem
908 384 991 414 litem
1022 384 1140 415 evitare
1171 383 1299 417 studeo,
1329 383 1384 414 1106
1415 386 1534 420 tamen,
1566 384 1648 423 quod
1680 385 1776 415 rixam
1804 383 1876 415 mihi

147 440 299 469 moturum
321 436 446 475 jamjam
470 436 571 475 video,
598 445 657 467 non
681 445 804 475 possum
826 437 1028 475 supprimere.

242 490 283 520 At
305 489 394 520 aliter
422 498 544 529 quoque
565 488 614 519 hic
636 489 718 520 locus
750 489 894 528 explicari
915 492 1027 528 potest.
1071 489 1148 520 Nam
1177 489 1202 520 si
1233 489 1398 520 statuimus
1422 492 1546 528 poetam
1569 490 1629 521 illis
1651 489 1750 521 verbis
1774 498 1808 520 se
1836 489 1876 520 ab

148 542 325 574 offensionis
353 542 441 581 culpa
470 542 601 573 liberare
625 542 772 579 voluisse,
802 551 869 572 cum
899 542 1011 572 nemini
1035 552 1067 572 sc
1091 542 1217 581 injurias
1248 542 1361 573 inferre
1386 542 1462 573 velle
1485 542 1614 581 diceret,
1647 553 1707 574 non
1730 543 1877 574 absonum

148 599 196 627 est
216 595 294 626 hanc
317 595 545 626 excusationem
570 598 697 634 propter
719 594 885 626 Hieronem
910 595 1133 634 Syracusarum
1156 605 1259 634 regem
1282 595 1397 626 factam
1416 595 1572 635 judicare,
1605 597 1716 636 quippe
1738 596 1790 635 qui
1811 604 1877 627 cum

147 651 179 680 et
201 649 264 688 ipse
287 648 375 679 fortis
398 650 480 678 esset
501 650 531 678 et
555 648 646 679 trium
668 648 793 678 deorum
815 648 973 686 sacerdos,
997 648 1086 679 facile
1108 658 1142 679 eo
1164 648 1232 679 (luci
1256 649 1403 687 potuerit,
1427 652 1461 679 ut
1483 649 1623 680 eximiam
1646 649 1728 680 illam
1745 649 1878 688 Agesiae

148 701 267 733 laudem
300 702 330 732 in
359 700 470 731 malam
498 703 619 740 partem
655 701 820 740 acciperet,
859 701 898 732 ad
933 710 1025 740 quam
1055 702 1241 733 sententiam
1275 701 1491 732 stabiliendam
1529 702 1621 732 ctiam
1660 702 1733 733 illud
1767 701 1877 741 aliquis

148 755 284 794 proferre
305 754 414 793 possit,
435 754 515 793 quod
538 754 568 784 in
589 754 683 785 tertia
705 755 848 785 carminis
871 757 959 793 parte
984 764 1073 786 versu
1096 757 1133 785 95
1152 754 1297 785 Hieronis
1319 754 1387 785 laus
1412 755 1441 785 in
1466 755 1644 786 sacerdotiis
1662 754 1878 786 enumerandis

147 808 338 848 potissimum
365 810 513 837 versatur.
557 807 659 845 Atque
689 807 782 838 etiam
804 808 902 846 magis
928 807 980 838 illa
1001 808 1197 839 excusatione
1221 817 1300 847 opus
1324 811 1405 846 crat,
1431 808 1456 838 si
1486 808 1611 847 eadem,
1641 817 1702 848 qua
1725 808 1878 846 Agesiam,

149 860 326 901 Olympiade
349 859 515 890 Hieronem
538 859 678 899 Olympia
702 860 808 891 vicisse
832 864 1006 899 constaret,
1029 861 1109 900 quod
1133 864 1204 892 sunt
1223 861 1276 900 qui
1297 861 1500 900 suspicentur.

246 913 356 944 Restat
386 916 421 943 ut
449 913 488 943 de
515 913 621 951 tertia,
650 922 742 952 quam
768 914 832 953 J'am
861 923 1048 953 proponam,
1089 914 1258 954 explicandi
1293 914 1412 945 ratione
1442 923 1540 953 pauca
1575 913 1683 945 dicam.
1736 913 1878 945 Videmus

150 970 274 1006 poetam
297 975 389 997 versu
412 969 450 996 90
471 966 575 1004 magni
597 975 651 997 sua
672 967 820 997 interesse
841 966 992 1005 profiteri,
1022 970 1055 998 ut
1083 967 1158 998 illud
1180 967 1364 998 Boeotorum
1387 967 1424 998 de
1447 977 1500 998 sue
1521 967 1720 1006 opprobrium
1743 966 1877 1006 effugiat.

151 1020 216 1050 Hoc
238 1022 343 1050 autem
367 1028 552 1058 quamquam
573 1020 695 1059 proprie
716 1019 799 1050 cadit
822 1020 851 1050 in
878 1020 1061 1051 Boeotorum
1086 1020 1207 1060 adipale
1227 1020 1381 1059 quoddam
1406 1020 1524 1051 dicendi
1546 1030 1656 1059 genus.
1686 1024 1789 1051 tamen
1811 1029 1879 1051 611111

151 1072 377 1103 meminerimus
399 1072 567 1103 Pindarum
591 1073 746 1112 quondam
774 1073 960 1104 admonente
984 1074 1134 1111 Corinna,
1165 1073 1245 1113 quod
1277 1073 1464 1104 carminibus
1490 1073 1611 1104 fabulas
1639 1073 1790 1113 mythicas
1819 1082 1878 1104 non

150 1125 349 1163 immisceret,
380 1125 410 1156 in
437 1126 623 1156 contrarium
654 1126 760 1156 vitium
789 1126 933 1157 cecidisse
961 1130 991 1157 et
1020 1127 1115 1157 eidem
1145 1136 1177 1157 se
1209 1127 1360 1165 vituperio
1391 1127 1556 1157 obnoxium
1585 1126 1767 1165 reddidisse,
1797 1126 1878 1165 quod

150 1178 210 1210 alio
233 1182 368 1217 tempore
392 1179 421 1209 in
451 1179 616 1210 certamine
645 1178 793 1210 Corinnae
817 1179 964 1216 obtrusit,
1000 1180 1062 1210 suis
1086 1180 1264 1211 Boeoticae.
1295 1180 1403 1219 quidni
1432 1179 1468 1210 de
1495 1180 1612 1218 agresti
1642 1184 1673 1210 et
1700 1180 1879 1210 inconcinno

149 1231 323 1271 mythorum
347 1240 404 1262 usu
425 1231 504 1262 hunc
523 1232 626 1271 jocum
651 1232 881 1271 intelligamus?
920 1233 1016 1271 Quid,
1048 1234 1072 1264 si
1095 1233 1263 1263 Pindarum
1288 1232 1435 1263 adversus
1466 1242 1518 1263 eos
1547 1242 1580 1264 se
1609 1236 1794 1271 vertentem,
1827 1233 1879 1272 qui

150 1285 204 1316 tali
225 1285 358 1323 imagine
380 1284 514 1324 mythica
538 1285 643 1316 statim
667 1285 697 1316 in
721 1286 808 1316 initio
832 1286 877 1316 uti
899 1286 1042 1317 inscitum
1064 1289 1094 1317 et
1117 1287 1230 1325 pingue
1257 1285 1469 1325 appellabant,
1500 1286 1538 1316 ad
1561 1278 1645 1317 illam
1668 1295 1701 1316 se
1724 1285 1877 1316 licentiam

150 1338 253 1369 animo
276 1347 330 1368 suo
352 1340 493 1377 putemus
516 1338 616 1369 dicere
638 1338 824 1378 impulsum?
854 1339 900 1369 Ab
917 1339 974 1370 hoc
996 1339 1061 1370 loco
1079 1339 1210 1370 fortasse
1231 1348 1291 1369 11011
1311 1339 1444 1370 alienum
1462 1343 1507 1370 est
1522 1339 1659 1370 conferre
1673 1339 1759 1370 Nem.
1772 1339 1826 1377 IX,
1837 1341 1875 1370 49

151 1391 238 1422 Nem.
262 1391 312 1429 VI,
337 1393 374 1421 30
403 1393 435 1422 61
463 1391 549 1422 Nem.
571 1391 638 1430 VII,
663 1394 715 1430 50,
756 1392 867 1432 quibus
897 1392 970 1423 locis
1005 1392 1152 1423 audacter
1184 1401 1216 1423 se
1249 1392 1331 1431 loqui
1363 1395 1455 1431 poeta
1483 1392 1633 1431 affirmat,
1671 1395 1701 1423 et
1731 1392 1879 1431 imprimis

151 1444 239 1475 Nem.
262 1444 344 1483 VIII,
368 1446 422 1483 20,
463 1453 523 1483 quo
550 1444 615 1475 loco
642 1448 746 1484 poeta,
781 1448 943 1485 postquam
970 1445 1141 1484 paullulum
1174 1445 1205 1476 in
1237 1454 1328 1476 cursu
1359 1445 1496 1476 substitit
1526 1448 1561 1476 ut
1590 1454 1735 1485 magnum
1764 1445 1878 1484 aliquid

153 1497 304 1529 dicturus:

358 1550 462 1581 πολλοὶ
485 1550 558 1590 γάρ,
579 1551 696 1589 inquit,
722 1551 827 1592 πολλᾷ
847 1551 999 1581 λέλεκται·
1025 1552 1123 1591 'recepti
1147 1551 1356 1591 δ’ἐξευρόνῖιι
1379 1550 1479 1591 δόμεν
1501 1550 1635 1591 βασάνῳ

357 1604 386 1639 ἐς
408 1603 535 1643 ἔλεγχον
557 1603 646 1639 ἅπας
667 1604 821 1640 κίνδυνος·
845 1601 930 1647 ὄψον
953 1605 988 1634 δὲ
1010 1604 1093 1644 λόγοι
1117 1607 1337 1645 ᾳθονεροῖσιν.

153 1657 221 1688 Non
251 1656 416 1687 admodum
446 1657 567 1688 diversa
596 1657 720 1688 videtur
750 1657 814 1696 ejus
844 1657 916 1697 loci,
948 1658 985 1689 de
1016 1667 1074 1697 quo
1102 1659 1240 1697 agimus,
1269 1659 1366 1697 ratio,
1398 1659 1422 1689 si
1452 1659 1616 1689 statuimus
1643 1661 1782 1698 poetam,
1812 1667 1878 1689 cum

154 1710 245 1741 aliter
266 1710 411 1748 Agesiam
432 1710 560 1741 laudare
580 1711 733 1749 potuerit,
763 1711 871 1742 audaci
901 1720 988 1742 usum
1018 1720 1085 1742 csse
1116 1712 1234 1742 ratione
1263 1715 1293 1741 et
1324 1712 1362 1742 ab
1388 1712 1501 1742 invidia
1532 1721 1591 1742 non
1620 1720 1749 1751 prorsus
1771 1710 1879 1741 aliena.

156 1763 307 1800 Quoniam
329 1766 431 1793 autem
455 1763 607 1795 Pindarus
628 1764 794 1795 identidem
818 1765 952 1795 animum
975 1774 1006 1795 se
1028 1765 1066 1795 ad
1084 1764 1254 1795 canendum
1278 1765 1432 1804 impellere
1455 1765 1574 1804 (θυμὸς
1596 1764 1748 1804 ὀτρύνει),
1774 1764 1880 1795 Musas

156 1819 261 1847 contra
281 1816 406 1846 carmini
429 1816 504 1847 bene
526 1817 684 1848 formando
707 1826 850 1856 praeesse
874 1817 961 1856 dicit,
986 1818 1158 1848 inveniendi
1181 1818 1290 1856 igitur,
1322 1822 1355 1848 ut
1384 1819 1426 1849 ita
1457 1818 1572 1856 dicam,
1599 1818 1682 1849 illum
1714 1820 1879 1848 auctorem.

156 1869 211 1899 has
235 1869 412 1908 disponendi
434 1872 465 1900 et
486 1870 649 1908 eloquendi
671 1870 759 1909 facit,
782 1880 847 1901 cum
871 1871 926 1901 hoc
947 1871 1010 1901 loco
1034 1871 1139 1901 Musas
1163 1870 1246 1902 dicat
1268 1871 1471 1910 pcrmissuras
1494 1880 1575 1902 esse.
1602 1874 1636 1902 ut
1660 1871 1800 1910 Agesiam
1825 1870 1879 1900 tali

156 1921 245 1953 modo
273 1923 443 1962 praedicet,
490 1932 589 1954 nonne
616 1923 674 1954 hoc
702 1924 745 1954 ita
780 1924 918 1962 intellegi
953 1927 1069 1963 potest,
1103 1927 1136 1954 ut
1162 1926 1254 1962 poeta
1284 1923 1388 1954 Musas
1422 1924 1478 1963 ipsi
1507 1924 1699 1963 indulgentes
1729 1924 1879 1955 rationem

157 1984 261 2013 suam,
285 1984 363 2014 quae
382 1978 504 2006 tantum
527 1976 565 2006 ad
588 1975 716 2007 formam
741 1977 857 2016 epinicii
880 1977 1049 2016 pertineat,
1081 1977 1202 2007 victoris
1224 1976 1289 2007 dic›
1314 1986 1380 2008 cum
1405 1977 1589 2017 Amphiarao
1613 1977 1880 2016 comparationem,

157 2027 341 2067 probaturas
372 2032 402 2059 et
432 2038 517 2059 suem
546 2029 717 2060 Boeoticam
748 2039 766 2060 a
794 2039 827 2060 se
859 2029 1042 2060 defensuras
1073 2038 1139 2060 esse
1169 2030 1359 2061 contendat?
1393 2031 1431 2061 At
1459 2040 1497 2061 116
1521 2031 1588 2070 quis
1612 2031 1692 2061 illam
1717 2030 1880 2069 imaginem

157 2080 278 2119 longius
300 2081 338 2112 ab
358 2082 484 2113 exordio
506 2081 613 2113 abesse
636 2083 732 2121 dicat,
763 2092 853 2122 quam
877 2092 955 2122 quae
977 2083 1074 2122 possit
1099 2092 1166 2114 esse
1191 2083 1255 2121 ejus
1283 2084 1378 2122 ipsius
1407 2093 1480 2123 pars
1506 2087 1536 2114 et
1565 2087 1712 2123 tanquam
1738 2083 1881 2114 vestibuli

159 2142 295 2164 summus
319 2134 478 2173 splendor;
505 2138 624 2166 tantum
640 2135 744 2174 abest,
767 2139 799 2166 ut
822 2136 868 2175 iis,
891 2145 968 2175 quae
991 2135 1189 2173 antecedunt,
1211 2136 1403 2175 interpositis
1426 2146 1520 2167 nexus
1540 2137 1704 2167 verborum
1726 2136 1880 2174 turbetur,

160 2190 195 2218 ut
217 2196 253 2218 ea
274 2187 394 2218 laudem
417 2188 502 2220 velut
524 2198 579 2228 per
601 2189 715 2228 gradus
738 2189 776 2220 ad
798 2198 950 2220 summum
973 2189 1131 2228 fastigium
1153 2189 1328 2228 perducant.
