2066 2870
1042 180 1058 207 7

189 282 411 322 implorandum
429 285 523 320 esset,
551 281 721 321 Pindarus,
745 291 930 322 quamquam
952 287 1168 322 exspectamus
1185 283 1213 313 in
1233 285 1369 313 extremo
1386 283 1527 321 carmine,
1551 282 1675 322 quoffres
1694 283 1915 323 quodammodo

190 339 357 367 extraneae
380 338 570 373 tractantur,
601 344 670 365 eum
700 335 784 366 tenui
813 336 953 366 dictionis
980 345 1093 375 genere
1115 336 1176 368 uti,
1210 339 1313 366 tamen
1337 336 1415 366 mira
1440 336 1467 366 vi
1491 336 1609 374 poetica
1631 336 1731 367 elatus
1756 337 1915 369 etiamtum

189 388 293 420 evolat
314 397 410 427 neque
432 387 470 418 ad
491 387 520 418 id
545 387 609 418 solo
632 388 763 418 nun2inis
785 388 881 427 illius,
911 389 1062 428 Metopae,
1086 388 1264 419 conciliandi
1287 389 1390 419 studio
1413 388 1581 427 adductus,
1611 389 1663 420 sed
1687 390 1779 421 etiam
1802 391 1917 430 pietate

188 445 367 477 commotus,
391 450 428 471 ne
443 443 541 471 matre
565 440 693 474 Thebes,
717 441 811 480 ipsius
835 443 956 481 matris,
979 442 1123 480 indignus
1148 442 1298 472 videatur.

277 495 345 525 Duo
367 494 462 532 igitur
482 498 568 532 sunt,
590 503 669 532 quae
692 494 857 525 Pindarum
879 495 1029 525 absolutis
1054 495 1176 525 victoris
1198 498 1230 525 et
1252 495 1445 525 ‚Iamidarum
1468 494 1611 526 laudibus
1633 497 1763 527 maxime
1785 501 1916 535 movent,

189 548 319 586 primum
343 546 395 577 illa
417 556 484 577 cum
506 546 637 577 Arcadia
660 547 689 576 111
714 547 796 585 poesi
825 547 1009 581 aemulatio,
1040 557 1099 586 qua
1122 547 1258 578 affirmat
1287 548 1420 586 linguam
1443 547 1496 578 sibi
1520 550 1674 587 tamquam
1698 552 1765 580 cote
1785 551 1916 582 stridula

189 600 256 631 acui
280 603 310 630 et
331 600 457 630 excitari
471 599 510 629 ad
528 599 630 629 dulces
646 602 765 638 cantus,
790 609 848 638 qua
869 600 999 636 imagine
1015 609 1141 639 prorsus
1158 601 1299 631 similiter
1314 601 1412 631 utitur
1427 601 1457 631 in
1474 602 1605 632 carmine
1624 602 1698 632 Isth.
1722 602 1747 633 V
1771 612 1861 634 versu
1879 607 1915 635 73

189 653 226 684 ad
250 652 443 684 indicandum
467 655 619 683 certorum
644 651 797 683 hominum
820 653 849 683 111
872 653 977 683 iisdem
1001 653 1113 684 studiis
1135 657 1306 690 certamem
1337 654 1446 684 deinde
1469 655 1731 694 propinquitatis,
1757 665 1839 695 quae
1859 657 1916 688 sibi

189 707 230 738 sit
250 715 318 737 cum
342 705 481 744 Metapa,
511 704 660 735 Arcadiae
680 705 792 741 rivulo,
826 707 1005 737 recordatus
1028 716 1093 737 eam
1124 707 1182 737 sibi
1206 706 1385 737 benevolam
1408 710 1439 738 et
1461 708 1586 738 carmini
1612 708 1765 739 faventem
1786 710 1915 741 reddere

189 759 294 790 studet
316 759 437 789 laudem
468 758 495 789 ei
518 767 577 788 non
601 758 749 789 invidens.
794 759 870 789 Nam
893 759 974 798 quod
998 759 1082 790 dicit:
1115 760 1188 790 ἐσσὶ
1216 760 1276 800 γάρ
1305 758 1434 798 ἄγγελος
1462 760 1575 799 ὀρθός,
1606 762 1752 792 σκυτάλα
1774 765 1916 802 Μοισᾶν,

188 813 299 851 γλυκύς
325 812 445 851 κρατήρ
473 811 708 851 ἀγαφθέγκτων
735 811 863 850 ἀοιδᾶν,
902 812 976 843 haec
1008 815 1110 844 omnia
1141 813 1181 843 ad
1211 813 1366 852 Metopam
1399 814 1563 844 referenda
1594 814 1752 854 videntur;
1784 824 1915 855 quorum

189 866 319 905 primum
349 869 379 896 et
407 864 571 896 secundum
598 865 637 895 ad
668 865 849 903 interpretis
879 868 910 895 et
938 865 1120 896 internuncii
1153 875 1277 903 munus,
1316 866 1454 903 tertium,
1487 867 1568 906 quod
1597 868 1720 899 omnino
1745 869 1852 900 inscite
1879 870 1916 901 de

189 919 309 949 homine
338 922 370 949 et
399 927 530 957 persona
554 921 735 956 usurpatum
764 921 859 956 esset,
891 919 930 949 ad
956 919 1118 950 Arcadiam
1141 919 1280 950 cantibus
1311 919 1471 950 florentem
1503 921 1640 959 pertinet
1667 924 1698 952 et
1728 922 1769 953 ad
1799 922 1914 954 fontem

188 972 272 1002 illurn
292 980 373 1011 aqua
396 980 451 1002 sua
475 974 596 1010 poetam
622 971 832 1010 inspirantem,
855 980 952 1010 aeque
974 982 1010 1003 ac
1033 972 1184 1003 Pindarus
1203 972 1321 1004 Thebes
1341 982 1455 1012 aquam
1475 982 1507 1004 se
1530 973 1633 1005 bibere
1656 974 1738 1005 dicit.
1782 976 1916 1008 Verbum

189 1028 304 1064 πίομαι
332 1025 412 1055 enim
432 1024 495 1063 jam
524 1027 688 1062 propterea
710 1024 806 1055 iuturi
831 1025 984 1056 notionem
1014 1035 1074 1055 non
1097 1029 1201 1064 potest
1230 1025 1357 1063 habere,
1390 1026 1463 1065 quia
1492 1030 1584 1066 poeta
1613 1028 1670 1058 soli
1693 1029 1824 1067 Agesiae
1854 1039 1915 1061 non

188 1078 395 1118 compluribus
418 1077 607 1116 αἰχματαῖσι
633 1086 757 1108 carmen
786 1078 958 1117 scripturus
982 1082 1037 1109 est.
1082 1078 1174 1117 Cujus
1200 1083 1305 1110 autem
1328 1079 1474 1110 auxilium
1499 1084 1591 1119 poeta
1617 1081 1720 1119 potius
1748 1082 1913 1121 implorare

189 1135 310 1170 poterat
335 1139 426 1169 quam
457 1131 544 1161 aviae
573 1129 743 1169 Metopae?
774 1139 853 1169 quae
883 1132 1003 1170 quidem
1026 1141 1076 1163 res
1103 1141 1121 1162 a
1149 1135 1255 1163 nostro
1285 1142 1375 1163 sensu
1405 1133 1568 1173 abhorret,
1599 1143 1709 1173 graeco
1732 1139 1843 1174 poetae
1867 1141 1916 1168 est

188 1185 355 1224 aptissima.
399 1184 474 1214 Cum
505 1183 638 1221 Bergkio
668 1183 761 1222 igitur
790 1188 824 1214 ut
853 1183 910 1215 fiat
939 1184 1171 1224 Ματρομεέτωρ
1200 1186 1263 1224 ἐμοὶ
1293 1187 1461 1226 Σινμᾳαλίς
1489 1188 1663 1226 vocativus,
1695 1188 1725 1219 in
1755 1198 1845 1220 versu
1877 1192 1913 1220 15

188 1237 314 1269 verbum
338 1238 458 1267 ἔτικτεν
486 1237 623 1275 corrigas
647 1237 677 1267 iu
704 1238 837 1275 ἔτικτες,
868 1241 899 1268 01
930 1238 1031 1268 onmia
1054 1238 1146 1277 plana
1168 1238 1251 1269 fient.
1296 1238 1406 1270 Omnia
1436 1248 1515 1279 quae
1544 1240 1583 1271 de
1608 1241 1664 1272 1100
1694 1241 1758 1273 1000
1781 1242 1913 1282 disputo,

188 1292 274 1330 prius
300 1291 363 1330 Jam
392 1290 511 1329 inveni,
552 1299 644 1329 quam
676 1290 758 1321 illius
797 1290 853 1321 viri
887 1291 969 1321 docti
1002 1300 1220 1330 perspexeram
1249 1293 1451 1331 sententiam,
1491 1293 1577 1331 cujus
1608 1303 1761 1326 consensu
1790 1296 1914 1335 gavisus

188 1343 268 1383 quod
291 1353 326 1375 eo
349 1343 416 1382 plus
437 1343 605 1382 voluptatis
629 1353 644 1374 e
667 1352 734 1374 mea
757 1343 1012 1383 interpretatione
1035 1345 1110 1384 cepi,
1135 1345 1204 1384 quis
1226 1349 1283 1384 est,
1306 1346 1381 1384 quin
1402 1347 1475 1377 mihi
1498 1347 1671 1378 condonet?

284 1397 354 1428 ι1010
376 1396 413 1427 (10
435 1397 471 1427 113
498 1397 558 1427 0111
587 1396 821 1435 disputandum,
852 1406 932 1436 qnae
963 1402 1057 1437 poeta
1083 1407 1101 1428 a
1125 1398 1251 1438 Metopa
1278 1399 1348 1430 avia
1380 1400 1547 1438 impetrare
1576 1401 1689 1432 studet.
1740 1401 1813 1432 Tria
1839 1401 1914 1434 haec

188 1454 276 1481 sunt:
306 1450 436 1489 primum
459 1453 492 1481 ut
515 1450 636 1480 Aeneae
658 1449 781 1481 sodales
806 1450 846 1481 ad
875 1450 1019 1490 hymnum
1049 1452 1079 1482 in
1103 1451 1233 1483 Junonis
1263 1452 1408 1483 honorem
1440 1453 1608 1484 canendum
1631 1454 1751 1493 incitet,
1783 1454 1912 1486 alterum

188 1508 224 1535 ut
246 1503 383 1543 impellat
411 1512 464 1534 eos
494 1504 607 1541 γνῶναι
629 1503 766 1542 ἀρχαῖοι*
794 1500 917 1539 ὄνειδος
938 1504 1101 1536 ἀλαθέσιν
1121 1504 1222 1544 λόγοις
1243 1505 1273 1535 εἰ
1293 1505 1452 1546 φεύγομεν
1470 1525 1501 1528 —
1520 1510 1680 1538 Βοιωτίαν
1701 1502 1756 1546 ὗν,
1787 1509 1913 1540 tertium

189 1561 223 1589 ut
254 1557 397 1588 Hieronis
431 1560 463 1587 et
497 1556 715 1596 Syracusarum
746 1557 932 1588 mentionem
967 1558 1151 1597 interponat.
1209 1559 1344 1596 Quorum
1381 1560 1512 1599 primum
1548 1561 1587 1591 ab
1621 1561 1749 1601 epinicio
1787 1571 1913 1601 prorsus

188 1611 336 1649 alienum,
367 1610 492 1641 tertium
517 1610 669 1641 comitatis
692 1613 725 1641 et
746 1611 897 1641 amicitiae
919 1614 982 1650 est,
1012 1621 1079 1642 cum
1101 1611 1231 1643 alterum
1255 1615 1353 1643 totam
1377 1613 1437 1644 vim
1461 1614 1634 1653 contineat,
1668 1624 1738 1645 nam
1763 1614 1819 1646 1100
1841 1619 1913 1647 ante

189 1664 289 1695 omnia
317 1663 466 1694 Pindarus
496 1663 619 1702 assequi
648 1664 769 1701 studet,
806 1667 841 1695 ut
873 1664 1002 1703 placeat.
1052 1665 1088 1696 In
1121 1674 1182 1704 quo
1212 1665 1354 1705 offendit,
1388 1667 1469 1705 quod
1503 1667 1601 1698 solum
1632 1668 1756 1699 chorum
1786 1668 1913 1708 Metopa

184 1717 313 1756 jubetur
332 1716 505 1756 impellere,
534 1720 569 1747 ut
586 1717 722 1756 judicet,
752 1726 818 1748 cuni
848 1717 940 1748 verbo
965 1719 1082 1757 γνῶναι
1109 1718 1156 1749 hic
1183 1728 1243 1750 non
1272 1719 1344 1750 insit
1368 1721 1454 1751 notio
1482 1720 1678 1752 manifestum
1700 1721 1846 1760 faciendi,
1878 1725 1913 1753 ut

188 1770 340 1801 Boeckhio
362 1770 458 1801 visum
481 1774 544 1807 est,
575 1769 628 1800 sed
651 1771 733 1801 nulla
761 1771 820 1801 alia
845 1771 890 1801 vis
919 1774 1011 1810 atque
1039 1772 1240 1811 cognoscendi
1271 1773 1336 1803 sive
1357 1773 1564 1813 dijudicandi,
1597 1778 1628 1805 et
1649 1775 1688 1805 ab
1711 1775 1848 1806 omnibus
1871 1784 1912 1814 se,

189 1824 240 1863 qui
262 1823 443 1861 audiebant,
471 1823 596 1862 probari
615 1828 736 1862 poetam
758 1824 889 1855 voluisse
912 1828 1063 1863 putemus.
1114 1825 1174 1857 Sed
1195 1834 1267 1856 vera
1289 1825 1378 1866 hujus
1401 1829 1512 1865 poetae
1531 1827 1738 1866 intelligentia
1760 1837 1820 1859 non
1842 1837 1912 1859 raro

190 1886 225 1908 eo
248 1875 378 1906 difficilis
400 1876 450 1915 fit,
475 1876 569 1915 quod,
592 1878 747 1916 quomodo
770 1877 908 1909 homines
926 1877 1010 1909 chori
1032 1878 1172 1909 cantibus
1194 1879 1269 1909 moti
1292 1882 1323 1909 et
1344 1879 1445 1910 affecti
1469 1880 1547 1919 sint,
1571 1881 1657 1911 nobis
1679 1885 1912 1920 repraesentare

190 1934 222 1962 et
243 1930 428 1969 cogitatione
448 1930 569 1969 assequi
592 1939 651 1961 non
671 1930 760 1961 facile
780 1940 959 1970 possumus,
983 1940 1049 1962 cum
1069 1941 1118 1962 res
1140 1932 1181 1963 sit
1204 1941 1222 1962 a
1244 1936 1353 1963 nostra
1374 1936 1478 1964 aetate
1501 1933 1662 1965 admodum
1684 1934 1793 1965 aliena.
1825 1934 1912 1972 Quod

190 1983 272 2015 cadit
293 1983 324 2013 in
347 1992 450 2013 omnes
474 1992 525 2014 eos
546 1983 647 2022 locos,
683 1984 791 2023 quibus
820 1988 909 2023 poeta
938 1984 975 2015 de
1005 1994 1037 2015 se
1066 1987 1132 2023 ipso
1162 1985 1311 2024 loquitur,
1343 1985 1394 2016 ubi
1425 1989 1524 2017 totum
1547 1987 1687 2017 effectum
1710 1990 1742 2018 et
1765 1992 1911 2026 tanquam

190 2046 311 2068 cursum
335 2036 478 2067 carminis
501 2037 661 2075 putaveris
682 2037 793 2075 minui,
827 2046 926 2076 neque
955 2038 1054 2068 minus
1084 2039 1114 2069 in
1144 2047 1213 2077 eos,
1245 2039 1297 2070 ubi
1327 2039 1496 2078 choreutis,
1528 2043 1563 2071 ut
1587 2041 1615 2070 in
1640 2040 1794 2080 Olympico
1816 2044 1911 2081 sexto,

191 2093 355 2129 praecepta
377 2089 497 2120 dantur.
541 2090 656 2127 Quodsi
679 2090 725 2120 hic
747 2099 802 2129 per
824 2090 949 2121 chorum
971 2091 1114 2122 Hieronis
1143 2093 1254 2123 mentio
1284 2092 1319 2123 fit
1347 2096 1379 2123 et
1407 2102 1444 2124 ea
1467 2093 1534 2132 ipsa
1556 2093 1665 2131 verba,
1698 2094 1810 2133 quibus
1838 2094 1912 2125 haec

190 2142 364 2174 adhortatio
386 2143 476 2173 inest:
500 2143 594 2173 εἰπόν
614 2145 820 2182 μεμνᾶσθαι,
844 2143 923 2174 idem
944 2143 993 2175 ille
1016 2144 1126 2175 chorus
1149 2145 1240 2184 canit,
1264 2154 1325 2184 qua
1339 2146 1395 2176 1100
1417 2149 1595 2185 putaremus
1613 2156 1680 2178 esse
1697 2147 1728 2178 in
1750 2147 1910 2179 audientes

191 2196 236 2234 vi,
275 2195 332 2227 nisi
362 2195 430 2226 illos
457 2199 665 2227 statueremus
703 2197 732 2227 in
766 2196 848 2227 chori
882 2200 972 2228 cantu
1004 2200 1066 2227 tam
1103 2197 1218 2229 defixos
1245 2197 1382 2229 haesisse
1418 2202 1449 2230 et
1480 2202 1640 2238 tantopere
1668 2199 1746 2231 idem
1776 2209 1841 2232 cum
1875 2211 1910 2232 eo

191 2249 338 2287 sensisse,
370 2252 405 2279 ut
435 2249 691 2287 quemadmodum
727 2250 765 2280 ad
794 2249 919 2280 chorum
950 2250 994 2281 ita
1025 2250 1065 2281 ad
1095 2259 1127 2281 se
1158 2251 1235 2282 hanc
1270 2251 1515 2283 adhortationem
1543 2253 1713 2284 referrent?
1749 2254 1832 2291 Quae
1861 2263 1910 2285 res

189 2301 321 2332 fortasse
343 2302 373 2332 in
396 2312 431 2333 eo
453 2311 576 2333 causam
597 2302 704 2341 habet,
733 2303 815 2342 quod
840 2307 964 2334 nostrae
991 2304 1103 2335 aetatis
1128 2304 1266 2335 homines
1289 2307 1357 2336 tota
1377 2306 1530 2337 sentiendi
1554 2310 1585 2337 et
1608 2307 1762 2345 cogitandi
1790 2308 1910 2338 ratione

190 2355 393 2394 maxi-mopere
414 2354 561 2386 differunt
580 2355 618 2386 ab
641 2356 839 2395 antiquitatis
861 2356 1046 2395 hominibus,
1076 2357 1127 2396 qui
1150 2366 1241 2388 sensu
1263 2358 1332 2397 plus
1356 2359 1499 2390 valebant
1522 2368 1613 2398 quam
1637 2361 1758 2391 ratione
1779 2363 1811 2392 et
1830 2361 1910 2391 'sicut

190 2407 315 2447 puerilis
336 2412 425 2439 aetas
447 2412 589 2439 naturam
612 2412 778 2448 sequentes
801 2410 847 2449 iis,
871 2419 996 2449 quaese
1013 2409 1192 2445 offerebant,
1213 2410 1331 2442 facilius
1345 2412 1623 2452 commovebantur,
1645 2422 1712 2444 cum
1735 2416 1908 2444 nostrorum

191 2461 233 2491 sit
254 2460 408 2492 hominum
439 2461 477 2492 ad
507 2462 608 2493 omnia
635 2463 764 2493 rationis
795 2463 878 2502 leges
905 2463 1015 2494 afferre
1046 2466 1077 2494 et
1107 2464 1258 2503 cogitare,
1290 2464 1340 2496 ubi
1370 2465 1412 2495 illi
1442 2465 1624 2497 sentiebant.
1675 2467 1800 2497 Accedit
1827 2467 1908 2506 quod
