2066 2870
1010 203 1044 232 11

263 305 428 345 Postquam
451 305 547 343 igitur
566 305 723 344 praeclara
748 305 799 336 illa
821 306 921 337 virtus
938 306 1057 337 duobus
1073 306 1220 345 exemplis
1242 306 1397 337 illustrata
1420 311 1482 345 est,
1503 309 1540 339 iis
1564 310 1728 348 opponitur
1750 310 1835 341 velut
1855 311 1893 342 ad

166 362 315 389 terrorem
339 359 494 389 hominum
518 358 633 396 ingrati
657 362 689 389 et
712 358 872 389 insolentis
895 360 1047 398 amentia,
1072 359 1202 396 Ixionis,
1226 368 1356 398 quocum
1380 363 1473 398 poeta
1495 361 1624 400 aliquem
1650 366 1894 402 comparaturus,

164 412 215 450 qui
239 412 277 442 ab
300 411 442 442 Hieronis
463 411 523 441 fide
556 415 585 442 et
605 411 740 442 amicitia
765 411 934 450 defecerat,
963 412 1066 443 subito
1091 422 1122 442 se
1145 415 1284 449 coercet,
1314 421 1379 443 curn
1402 413 1501 444 odium
1523 423 1555 445 se
1576 414 1680 453 fugere
1702 415 1778 447 velle
1803 417 1894 448 dicat.

164 463 296 503 Polyzeli
327 464 373 495 hic
404 473 470 495 cum
503 464 636 495 Hierone
667 464 763 495 fratre
792 464 979 495 simultatem
1010 470 1120 504 poetae
1150 468 1223 496 ante
1261 465 1364 496 oculos
1405 466 1601 498 obversatam
1633 477 1699 499 esse
1730 471 1762 500 et
1792 469 1893 501 odium

165 517 327 555 Theronis,
360 517 441 556 apud
463 527 551 557 quem
582 520 612 548 et
642 520 732 556 poeta
756 520 787 548 et
813 517 975 557 Polyzelus
1006 520 1071 549 tum
1102 519 1203 557 gratia
1232 518 1363 549 inultum
1386 519 1545 558 valebant,
1574 520 1741 552 Pindarum
1764 522 1893 554 voluisse

164 569 319 600 declinare
352 570 377 600 si
408 579 528 607 censes,
557 570 696 608 equidem
723 579 782 601 non
813 571 961 609 impedio.
991 580 1176 610 quamquam
1202 581 1257 610 pro
1289 575 1371 602 certo
1401 571 1459 603 hoc
1489 572 1645 604 affirmare
1676 574 1755 605 nolo.
1800 575 1894 607 Poeta

164 623 258 662 igitur
280 632 339 653 non
365 623 453 654 modo
475 632 536 654 non
560 627 607 653 est
630 624 778 661 rusticus,
802 623 855 654 sed
876 633 914 654 ne
936 625 966 654 in
990 624 1125 655 inimicos
1150 624 1271 663 quidem
1294 625 1435 656 Hieronis
1459 626 1596 656 convicia
1616 630 1722 666 aperte
1744 628 1892 667 conjicere

164 675 245 708 vult.
274 676 304 706 in
328 686 388 715 quo
412 686 480 707 eum
503 676 598 707 multo
621 677 713 707 etiam
734 676 954 715 elegantiorem
985 677 1205 716 judicabimus.
1235 677 1260 707 si
1290 686 1356 708 eum
1379 687 1439 709 non
1464 678 1592 709 aliorum
1615 679 1770 711 hominum
1793 684 1825 712 et
1847 683 1893 713 sui

164 729 314 759 commodi
338 730 486 760 rationem
501 729 652 765 habuisse,
675 729 729 760 sed
747 734 875 768 propter
895 730 1028 761 animuin
1047 739 1134 760 suum
1158 739 1290 769 aequum
1313 733 1344 761 et
1366 731 1559 762 conviciandi
1582 732 1739 764 insuetum
1761 735 1892 774 amplius

164 782 344 813 maledicere
382 783 513 813 noluisse
544 785 725 813 statuamus.
769 782 943 813 Secundum
985 783 1143 822 vulgarem
1177 784 1466 822 interpretationem
1504 785 1596 815 verba
1629 795 1733 817 versus
1767 790 1821 818 56:
1856 788 1894 818 τό

164 836 316 866 ‘'dom-‘Tr
339 836 375 866 δὲ
399 836 460 867 σύν
481 835 563 876 τύχᾳ
585 835 713 874 πότμου
734 838 852 876 σοᾳίας
874 834 1008 875 ἄριστον
1030 840 1230 876 opponuntur
1253 837 1305 875 iiS,
1334 846 1412 876 quae
1437 837 1474 867 de
1493 837 1674 869 Archilocho
1697 840 1787 871 modo
1810 841 1893 872 dicta

163 892 268 921 erant.
298 892 328 919 et
352 890 380 919 in
404 898 495 920 versu
517 892 555 919 54
579 888 688 919 verba:
719 889 753 918 ἐν
776 889 945 929 ἀμαχανίᾳ
973 893 1149 920 vertuntur:
1183 891 1211 920 in
1232 893 1426 928 paupertate.
1471 890 1529 921 Sed
1552 894 1676 930 praeter
1699 901 1791 931 quam
1811 894 1892 933 quod

163 946 253 981 poeta
279 942 435 981 indignum
464 944 510 973 est
540 945 667 980 propter
698 943 890 981 paupertatis
925 946 1038 973 metum
1069 943 1230 973 conviciari
1251 952 1311 973 non
1337 943 1427 983 velle,
1458 953 1526 974 meo
1553 945 1668 983 judicio
1698 946 1807 977 verba:
1836 948 1893 987 ἐμὲ

163 996 200 1025 δὲ
221 995 322 1035 χρεών
345 1013 383 1017 ——
409 994 617 1034 πιαινόμενον
641 995 724 1025 velut
746 995 775 1025 in
799 995 973 1033 parenthesi
1000 996 1183 1034 interposita
1201 999 1290 1034 sunt,
1320 996 1363 1026 ita
1386 1000 1421 1027 ut
1444 997 1553 1028 verba:
1583 997 1717 1038 ἑτέροισι
1739 999 1775 1029 δὲ
1798 1000 1892 1036 κῦδος

163 1049 303 1090 ἀγήραοι·
326 1049 485 1087 παρέδωκ’
506 1048 698 1086 excipiantur
719 1048 833 1079 verbis:
862 1048 898 1078 τὸ
922 1048 1074 1078 allevari·
1098 1049 1137 1079 δέ
1156 1053 1227 1087 etc,
1251 1052 1281 1080 et
1303 1049 1377 1080 haec
1399 1050 1440 1080 sit
1462 1051 1633 1081 sententia:
1655 1051 1794 1083 homines
1819 1054 1890 1084 vani

164 1107 193 1133 et
216 1103 383 1133 insolentes
413 1111 428 1132 a
453 1101 509 1132 diis
538 1101 729 1140 perduntur,
760 1101 810 1132 alii
836 1102 938 1140 gratia
962 1102 1086 1132 deormn
1111 1103 1232 1141 valent,
1262 1106 1294 1133 et
1325 1103 1354 1133 id
1386 1103 1463 1142 quod
1487 1105 1635 1143 optimum
1658 1104 1772 1136 homini
1795 1115 1813 1136 a
1836 1106 1892 1137 deo

165 1156 232 1187 dari
257 1159 370 1194 potest,
394 1155 545 1194 sapientia
566 1158 613 1185 est
633 1155 748 1185 divitiis
770 1155 833 1185 sive
857 1155 948 1186 rebus
971 1156 1113 1186 secundis
1136 1155 1298 1194 adjuncta:
1325 1156 1382 1187 hac
1402 1160 1446 1195 tu,
1470 1157 1572 1195 Hiero,
1596 1157 1719 1197 frueris,
1743 1163 1773 1190 te
1797 1159 1893 1198 igitur

162 1218 280 1240 canam.

260 1261 330 1293 Jam
352 1261 390 1292 de
414 1261 512 1291 altera
534 1264 622 1300 parte
643 1261 703 1291 erit
724 1260 960 1301 disputamlinn,
985 1270 1074 1300 quam
1098 1271 1155 1292 sua
1177 1271 1268 1293 causa
1289 1265 1382 1301 poeta
1404 1262 1580 1301 adjunxisse
1604 1263 1734 1301 videtur,
1760 1265 1813 1295 sed
1836 1265 1891 1300 ita,

163 1319 199 1346 ut
221 1319 306 1345 arcte
328 1324 394 1345 cum
425 1315 517 1353 priori
546 1314 723 1353 cohaereat,
755 1318 785 1345 et
816 1315 902 1353 cujus
925 1324 1042 1345 summa
1074 1324 1111 1345 ea
1134 1319 1194 1353 est,
1224 1318 1259 1345 ut
1278 1324 1476 1346 susurronum
1498 1319 1530 1347 et
1551 1317 1808 1358 obtrectatorum,
1839 1320 1889 1358 qui

162 1369 324 1400 Hieronem
355 1377 373 1398 a
401 1370 493 1407 poeta
523 1367 698 1398 abalienare
728 1367 911 1405 studebant,
950 1368 1131 1407 improbitas
1166 1371 1260 1407 atque
1287 1369 1493 1408 imprudentia
1523 1379 1603 1400 vana
1633 1374 1664 1400 et
1695 1370 1770 1410 ipsis
1798 1372 1890 1403 noxia

163 1422 346 1460 castigetur3
378 1421 415 1451 ad
440 1421 541 1460 quod,
571 1421 711 1460 quoniam
735 1421 885 1451 Pindarus
909 1421 956 1451 hic
979 1421 1015 1451 de
1039 1422 1191 1460 sapientia
1214 1422 1356 1453 Hieronis
1383 1422 1538 1461 loquitur,
1580 1424 1698 1455 occasio
1737 1424 1810 1455 data
1843 1428 1889 1456 est

163 1476 293 1506 maxime
313 1477 494 1514 opportuna.

261 1529 356 1559 Poeta
382 1528 477 1566 igitur
499 1528 670 1566 sapientiae
691 1536 759 1558 esse
782 1527 941 1558 contendit
963 1527 1190 1558 adulationibus
1210 1530 1241 1557 et
1263 1527 1467 1559 delationibus
1490 1537 1548 1559 non
1570 1529 1700 1568 moveri,
1724 1529 1779 1560 sed
1800 1530 1836 1561 de
1859 1539 1890 1561 se

163 1590 310 1621 quemque
334 1584 362 1611 et
386 1581 423 1611 de
450 1590 512 1611 una
536 1589 657 1619 quaque
686 1590 718 1611 re
742 1582 839 1619 ipsum
860 1580 1005 1620 judicare.
1050 1580 1149 1619 Talis,
1180 1581 1297 1620 inquit,
1331 1590 1348 1611 0
1370 1581 1480 1619 Hiero,
1512 1591 1586 1621 erga
1610 1592 1657 1613 me
1681 1583 1738 1622 sis,
1768 1583 1888 1622 qualem

164 1635 322 1674 hucusque
346 1638 375 1665 te
399 1634 577 1673 praebuisti,
602 1634 724 1672 cognita
749 1637 801 1664 tua
826 1633 926 1664 indole
948 1638 979 1664 ct
1001 1633 1109 1664 honam
1127 1637 1271 1665 naturam
1294 1638 1416 1665 secutus
1439 1628 1543 1674 (yffi-015
1565 1631 1628 1671 οἷος
1650 1636 1723 1667 ἐσσὶ
1745 1636 1888 1676 μαθών).

163 1688 446 1719 Calumniatorihus
469 1691 499 1717 te
529 1690 557 1717 et
583 1687 794 1717 adulatoribus
821 1696 887 1717 esse
911 1687 1130 1718 circumdatum
1161 1697 1220 1718 non
1244 1688 1367 1727 ignoro,
1397 1688 1448 1719 sed
1471 1689 1549 1719 sicut
1572 1698 1680 1720 saxum
1702 1689 1732 1719 in
1757 1690 1834 1720 mari
1858 1693 1889 1721 et

165 1745 312 1780 tanquam
329 1741 409 1771 alter
421 1740 676 1771 Rhadamanthus
698 1739 890 1770 illabefactus
913 1749 1015 1771 eorum
1033 1740 1309 1771 machinationibus
1330 1741 1465 1772 obstalns
1485 1760 1514 1762 —-
1534 1745 1618 1772 certe
1642 1742 1697 1773 hoc
1719 1743 1888 1781 sapientiae

164 1799 236 1826 tuae
257 1798 306 1825 est
330 1812 365 1815 —
391 1803 458 1825 cum
479 1794 557 1824 scias
580 1796 611 1823 et
633 1802 718 1831 eum,
745 1793 795 1832 qui
820 1793 976 1832 aduletur,
1005 1796 1035 1824 et
1057 1794 1138 1832 apud
1161 1803 1250 1833 quem
1274 1794 1432 1833 aduletur,
1464 1794 1537 1825 nihil
1556 1795 1613 1826 nisi
1636 1796 1749 1826 malum
1773 1805 1808 1826 ex
1831 1796 1888 1827 hac

163 1848 282 1879 fallacia
306 1857 414 1886 capere
436 1847 544 1877 solere.
581 1847 650 1877 ‚Jam
668 1846 821 1877 Pindarus
839 1847 868 1877 in
885 1847 1050 1885 malignum
1073 1846 1147 1877 illud
1165 1850 1196 1878 et
1209 1856 1337 1886 pravum
1352 1847 1595 1879 obtrectatorum
1612 1857 1707 1886 genus
1732 1848 1887 1880 invehitur

164 1906 192 1933 et
207 1903 337 1941 primum
354 1900 474 1939 quidem
492 1900 565 1930 dicit
583 1899 657 1930 nihil
678 1910 728 1930 eos
744 1900 903 1930 fraudibus
919 1900 983 1930 suis
1000 1900 1132 1939 assequi,
1155 1902 1295 1939 quamvis
1312 1902 1373 1932 sint
1389 1901 1494 1939 astuti,
1518 1905 1547 1931 et
1565 1911 1711 1940 perversa
1728 1902 1885 1941 pugnandi

163 1956 280 1986 ratione
307 1954 366 1991 uti,
407 1963 475 1984 cuni
503 1952 723 1992 ιύ-Ἰύγλωσσοι
754 1962 820 1983 esse
850 1953 980 1983 debeant
1010 1957 1041 1984 et
1068 1956 1146 1984 sicut
1168 1954 1322 1985 Pindarus
1352 1954 1453 1993 aperti
1482 1958 1538 1985 aut
1563 1955 1650 1985 amici
1682 1958 1735 1985 aut
1764 1955 1886 1994 inimici,

163 2008 285 2048 quodsi
310 2008 438 2045 faciant,
468 2007 580 2046 ubique.
604 2016 656 2037 eos
684 2007 753 2037 usui
776 2006 905 2037 futuros.
951 2007 1117 2037 Praeterea
1139 2010 1240 2037 autem
1268 2007 1387 2037 invidos
1416 2007 1483 2037 illos
1514 2017 1583 2038 eum
1612 2008 1668 2038 diis
1692 2008 1885 2043 contendere,

163 2062 212 2101 qui
235 2065 334 2092 sortes
356 2061 509 2091 hominum
532 2057 734 2097 distribuant,
760 2069 826 2092 cum
851 2069 954 2091 eorum
977 2062 1162 2098 potestatem
1186 2069 1247 2091 non
1267 2063 1438 2099 agnoscant
1460 2064 1491 2091 et
1513 2070 1610 2100 aequo
1634 2061 1702 2100 plus
1725 2064 1884 2100 appetant,

163 2125 222 2154 quo
244 2115 307 2152 fiat,
330 2118 363 2145 ut
387 2114 443 2152 ipsi
466 2114 524 2144 sihi
547 2114 673 2144 vulnera
695 2114 724 2144 in
748 2118 873 2152 pectora
895 2113 1045 2152 infligant,
1067 2122 1131 2144 cum
1150 2113 1248 2144 satius
1271 2114 1320 2150 sit,
1340 2113 1449 2152 jugum
1470 2114 1644 2153 impositum
1662 2122 1761 2153 aequo
1784 2115 1884 2145 animo

162 2169 250 2199 ferre.
299 2167 386 2205 Quod
418 2171 521 2197 autem
552 2171 643 2206 poeta
672 2176 759 2197 versu
788 2170 825 2197 89
856 2166 941 2197 dicit:
974 2166 1042 2196 ἀλλ’
1073 2166 1148 2196 οὐδὲ
1176 2168 1279 2197 ταῦτα
1310 2166 1383 2197 νόον
1411 2166 1504 2197 ἰαίνει
1528 2169 1716 2207 φθονερῶν,
1754 2168 1885 2207 primum

163 2222 280 2252 invidos·
303 2221 422 2251 eosdem
436 2230 502 2251 esse
524 2224 598 2259 puto
621 2223 712 2259 atque
733 2229 792 2257 eos,
815 2220 865 2259 qui
889 2219 1073 2258 obtrectant,
1097 2219 1205 2250 deinde
1223 2220 1371 2251 vocabulo
1394 2222 1498 2250 ταῦτα
1515 2230 1574 2251 non
1598 2230 1650 2251 eas
1670 2229 1718 2251 res
1735 2221 1883 2252 contineri

163 2284 280 2310 censeo,
304 2283 382 2313 quae
401 2273 511 2303 invidis
529 2273 651 2303 fortuna
675 2274 878 2311 contigerunt,
903 2273 955 2303 sed
972 2273 1001 2303 id
1020 2273 1099 2312 quod
1122 2273 1210 2304 modo
1236 2273 1350 2304 dictum
1368 2277 1424 2311 est,
1447 2283 1539 2313 penes
1560 2274 1629 2303 deos
1646 2283 1713 2303 esse
1731 2273 1883 2305 hominurn

162 2328 332 2365 fortunam3
363 2326 487 2357 verbum
513 2326 604 2356 [aim
629 2330 730 2357 autem
753 2336 813 2357 non
838 2326 930 2357 habet
953 2327 1010 2356 vim
1034 2326 1218 2364 delectandi,
1243 2326 1294 2357 sed
1318 2327 1488 2365 mitigandi.
1513 2326 1694 2363 deleniendi,
1717 2326 1854 2357 sanandi.

260 2380 375 2418 Quodsi
400 2380 442 2410 illi
464 2379 673 2419 imprudentes
690 2379 856 2410 Pindarum
879 2379 1033 2419 audirent,
1056 2380 1193 2411 contenti
1216 2383 1320 2410 essent
1344 2383 1426 2410 sorte
1449 2389 1513 2417 sua,
1535 2388 1634 2418 neque
1655 2388 1736 2418 quae
1757 2379 1883 2410 ferenda

162 2438 264 2465 essent
286 2433 366 2464 ferre
388 2437 582 2471 recusarent,
606 2442 705 2471 neque
729 2442 794 2463 cuin
818 2433 874 2463 diis
898 2433 1057 2471 litigantes
1080 2433 1193 2464 invidia
1216 2433 1271 2472 ipsi
1294 2437 1500 2472 carperentur.
1545 2432 1660 2470 Quibus
1682 2432 1770 2463 dictis
1792 2435 1883 2472 poeta

163 2496 283 2519 carmen
305 2486 460 2517 concludit
481 2494 582 2520 orans,
607 2490 641 2517 ut
662 2486 848 2517 inimicorum
873 2485 931 2517 doli
953 2486 1032 2517 irriti
1057 2486 1132 2517 fiant
1149 2486 1266 2524 sibique
1286 2485 1377 2517 liceat
1399 2486 1476 2517 sicut
1499 2490 1591 2516 antea
1610 2486 1758 2517 bonorum
1779 2485 1882 2524 gratia
