2066 2870
1054 192 1071 220 9

201 305 297 334 eoque
320 295 400 326 facto
423 304 440 325 a
461 295 605 332 Pindaro
628 295 678 334 qui
702 298 864 334 postquam
889 298 1031 326 cantatus
1054 299 1145 333 esset,
1171 298 1291 334 tempus
1312 294 1419 325 fuisset
1443 294 1480 325 de
1496 294 1626 326 Pindaro
1650 299 1740 334 poeta
1757 296 1925 335 judicandi

199 358 272 379 num
294 354 374 379 esset
404 348 585 379 laudandus.
630 348 686 379 Sed
713 349 823 379 nimiae
853 348 908 379 hoe
931 348 1080 379 audaciae
1104 357 1171 379 esse
1193 357 1258 379 cum
1280 347 1427 385 viderem,
1461 347 1516 378 hac
1547 349 1716 379 mutatione
1738 349 1873 380 abstinui
1896 354 1927 381 et

199 401 313 432 Junoni
335 401 418 432 illum
441 401 586 432 honorem
610 411 670 432 non
695 402 836 432 invidens
850 402 930 432 idem
953 401 1013 432 alia
1036 401 1156 432 ratione
1179 402 1301 440 assequi
1317 410 1385 431 sum
1407 404 1545 431 conatus.
1577 401 1689 432 Totum
1706 403 1784 432 enim
1805 411 1926 434 carmen

199 454 244 485 ita
266 458 313 485 est
335 455 551 493 compositum.
582 458 616 485 ut
647 455 712 494 ipsa
736 455 865 493 Agesiae
899 458 930 485 et
956 454 1148 485 Jamidarum
1178 455 1245 485 laus
1276 463 1367 485 versu
1389 456 1447 492 Sl,
1476 454 1554 485 sicut
1583 463 1677 493 supra
1697 455 1760 494 jam
1789 456 1926 493 indicavi,

199 507 337 538 confecta
360 508 511 538 videatur.
555 507 669 538 Deinde
697 508 835 546 sequitur
863 511 973 546 poetae
1005 517 1070 538 cum
1095 507 1226 538 Arcadia
1257 511 1344 537 arcta
1367 507 1550 545 necessitas,
1579 516 1659 546 quae
1683 517 1773 539 causa
1797 512 1860 547 est,
1892 512 1926 540 ut

199 563 289 598 poeta
318 570 350 591 se
381 560 564 598 placiturum
595 570 662 591 esse
691 564 811 599 speret,
841 560 950 591 deinde
973 560 1114 591 Hieronis
1144 564 1175 591 et
1198 560 1423 599 Syracusarum
1450 563 1482 591 et
1511 560 1662 591 secundae
1690 561 1773 592 chori
1795 563 1925 593 actionis

197 613 320 646 mentio,
343 616 407 644 tum
430 613 573 652 adjuncta
598 617 642 644 est
667 614 703 644 de
727 614 837 653 duplici
865 614 1082 644 choreutarum
1100 614 1203 652 patria
1222 613 1379 651 indicatio,
1402 616 1558 652 postremo
1574 614 1734 653 Neptunus
1757 615 1925 653 invocatur,

197 671 231 697 ut
250 676 427 706 prosperum
442 667 572 697 reditum
590 667 691 697 faciat.
718 668 801 704 Quae
824 668 927 697 omnia
946 667 1006 697 alio
1027 670 1167 706 spectare
1181 670 1273 705 atque
1290 667 1387 705 ipsum
1408 667 1580 705 epinicium,
1604 667 1691 698 facile
1713 668 1923 707 perspicimus,

198 720 281 757 Quae
303 729 371 751 cum
406 721 449 750 ita
478 721 557 755 sint,
589 720 661 759 quid
694 720 813 759 obstat,
848 721 1009 759 quominus
1039 719 1116 750 hanc
1146 723 1256 759 poetae
1290 720 1504 758 cogitationem
1539 720 1631 750 fuisse
1654 723 1814 759 putemus:
1845 721 1924 760 quod

197 782 295 804 meum
332 776 416 811 erat,
448 774 591 813 praestiti
623 773 650 804 h,
678 782 702 803 e.
735 773 853 804 laudem
881 773 1015 811 absolvi,
1045 783 1124 803 nunc
1150 772 1280 811 Agesia‹›
1308 775 1356 802 est
1383 782 1451 803 cum
1481 773 1586 803 amicis
1615 773 1764 812 majorum
1793 774 1925 813 vestigia

198 831 375 865 sequentem
409 827 482 857 deos
511 826 632 856 illorum
663 835 747 857 more
777 826 931 865 venerari,
965 826 1003 856 ad
1034 826 1113 865 quod
1142 826 1267 865 Metopa
1297 826 1420 864 incitet,
1451 826 1488 856 de
1517 836 1565 857 me
1592 826 1748 865 judicare,
1780 826 1924 858 Hieronis

196 889 358 910 memorem
382 880 472 910 esse?
497 879 605 917 Quidni
628 882 811 910 statuamus,
834 880 924 909 etiam
948 879 1074 910 alterius
1094 879 1238 909 carminis
1261 888 1278 909 a
1295 879 1428 909 Pindaro
1452 879 1518 909 fieri
1542 880 1727 910 mentionem
1748 885 1778 910 et
1799 885 1924 919 praeter

197 934 251 964 hoc
277 933 437 972 epinicium
458 933 615 972 hymnum,
640 942 698 963 non
722 942 793 963 curo
809 942 901 971 quam
926 933 963 963 oh
984 942 1047 963 rem
1070 936 1100 963 et
1122 932 1207 971 cujus
1229 933 1278 962 dei
1301 933 1331 962 in
1348 932 1503 964 honorem.
1527 942 1544 963 a
1563 932 1694 963 Pindaro
1717 935 1923 972 conscriptum

196 987 288 1018 choro
311 986 402 1017 fuisse
426 986 616 1017 canendum?
645 986 783 1025 Utroque
817 989 881 1016 tum
912 986 1044 1016 carmine
1074 988 1214 1024 cantato,
1254 985 1394 1024 quoniam
1417 985 1502 1016 nulla
1527 985 1563 1015 de
1587 995 1619 1016 re
1639 986 1756 1024 justum
1781 990 1829 1017 est
1852 992 1924 1018 ante

195 1039 284 1070 finem
313 1039 468 1079 judicare,
498 1038 640 1077 Metopae
670 1042 737 1069 erat
767 1039 886 1070 animos
916 1039 1104 1069 audientium
1134 1039 1263 1069 maxime
1292 1038 1444 1069 Arcadum
1474 1039 1518 1069 ita
1548 1038 1672 1070 flectere
1702 1043 1732 1070 et
1763 1040 1925 1072 moderari.

196 1097 229 1123 ut.
252 1093 426 1131 incorrupte
448 1096 480 1123 et
493 1093 557 1122 sine
575 1092 742 1131 cupiditate
765 1092 873 1122 animis
897 1092 1093 1131 conciperent
1111 1100 1209 1130 neque
1232 1091 1358 1122 laudare
1378 1094 1567 1130 recusarent,
1589 1092 1738 1131 siquidem
1755 1102 1773 1123 a
1789 1093 1923 1124 Pindaro

195 1145 338 1177 Thebano
361 1145 519 1176 confutata
540 1148 607 1176 erat
637 1145 740 1184 iniqua
763 1145 949 1176 Boeotorum
972 1145 1062 1176 fama.

291 1199 430 1238 Denique
461 1198 532 1237 quid
563 1198 599 1229 de
622 1198 759 1229 versibus
789 1198 858 1229 inde
887 1208 905 1229 a
933 1208 1025 1229 versu
1048 1198 1217 1229 centesimo
1240 1206 1336 1237 usque
1358 1197 1397 1228 ad
1420 1207 1540 1229 versum
1570 1199 1771 1229 centesimum
1796 1200 1921 1231 tertium

189 1252 389 1290 judicandum
413 1255 532 1290 putem,
565 1251 669 1290 paucis
692 1251 767 1282 libet
787 1260 947 1291 exponere.
994 1251 1094 1282 Verba
1116 1251 1191 1282 haee
1215 1254 1302 1282 sunt:

845 1304 968 1343 ἁγαθαὶ
994 1305 1028 1334 δὲ
1053 1304 1180 1335 πέλοντ’
1202 1305 1236 1334 ἐν
1258 1306 1403 1344 χειμερίᾳ

629 1358 715 1387 νυκτὶ
741 1359 823 1393 θοᾶς
845 1358 879 1387 ἐκ
901 1358 975 1393 ναός
995 1358 1231 1398 ιῖποσκιᾏιφθαι
1254 1357 1305 1388 δύ’
1329 1356 1470 1397 ἄγκυραι.
1495 1358 1572 1393 θεός

626 1411 728 1441 τῶνδε
750 1413 863 1441 κείνων
888 1423 920 1441 τε
941 1411 1062 1441 κλυτάν
1084 1407 1184 1442 αἶσαν
1210 1416 1343 1451 παρέχοι
1367 1411 1492 1451 φιλέων.

195 1465 275 1494 sunt
298 1463 349 1503 qui
372 1463 418 1494 his
442 1463 542 1494 verbis
557 1467 679 1503 poetam
706 1464 878 1503 significare
901 1468 1020 1504 putent,
1045 1465 1208 1504 epinicium
1231 1465 1277 1495 bis
1302 1468 1423 1495 cautum
1447 1465 1493 1502 iri,
1516 1464 1687 1504 Stymphali
1710 1467 1741 1496 et
1754 1465 1922 1504 Syracusis,

193 1526 252 1556 quo
276 1517 367 1547 etiam
390 1517 486 1555 magis
510 1521 602 1556 pocta
625 1517 722 1556 possit
745 1518 871 1548 carmini
895 1527 948 1549 suo
978 1519 1088 1549 bonum
1112 1521 1253 1549 eventum
1277 1526 1419 1557 sperare,
1452 1517 1705 1557 quemadmodum
1727 1527 1763 1548 ea
1784 1519 1870 1549 navis
1891 1519 1921 1549 in

193 1573 376 1609 tempestate
400 1571 438 1600 sit
462 1571 571 1608 tutior,
594 1580 672 1609 quae
697 1571 818 1602 duabus
840 1572 960 1602 ancoris
987 1575 1139 1602 teneatur.

289 1623 345 1654 Cui
365 1624 559 1662 explicationi
589 1623 618 1654 id
647 1624 750 1655 favere
773 1625 912 1664 videtur,
943 1625 1024 1664 quod
1055 1625 1161 1664 paucis
1184 1625 1321 1655 versibus
1345 1627 1417 1655 ante
1444 1624 1538 1654 Hiero
1560 1624 1805 1655 comissationem
1830 1624 1922 1663 Syra-

192 1685 281 1708 cusas
309 1677 549 1715 proficiscentem
579 1676 708 1716 benigne
745 1678 882 1717 excipere
909 1678 1052 1717 jubetur,
1087 1687 1185 1717 neque
1220 1687 1274 1717 per
1303 1686 1336 1708 se
1366 1677 1419 1708 illa
1449 1677 1602 1707 sententia
1630 1680 1678 1707 est
1706 1677 1920 1716 improbanda3

192 1730 244 1761 sed
268 1739 336 1762 cum
358 1739 393 1761 ea
423 1730 667 1768 consideramus,
700 1739 778 1770 quae
808 1741 898 1762 versu
927 1732 978 1770 qui
1003 1731 1137 1770 proxime
1166 1731 1323 1762 antecedit
1355 1730 1391 1761 de
1422 1730 1532 1769 duplici
1556 1730 1687 1769 Agesiae
1716 1734 1747 1761 et
1776 1730 1920 1761 comitum

192 1784 294 1823 patria
324 1784 406 1815 dicta
437 1786 526 1822 sunt,
556 1787 585 1814 et
609 1784 777 1815 Pindarum
802 1785 940 1824 proximo
965 1793 1055 1815 versu
1085 1785 1224 1823 utrisque
1254 1784 1281 1814 h.
1307 1794 1331 1815 e,
1353 1783 1552 1823 Stymphaliis
1575 1787 1606 1814 et
1626 1783 1828 1822 Syracusanis
1851 1793 1920 1823 pro-

191 1845 312 1876 speram
343 1837 496 1867 fortunam
527 1840 635 1876 optare
660 1837 812 1876 videmus,
848 1847 950 1868 nonne
977 1838 1140 1868 verborum
1170 1837 1307 1868 ordinem
1339 1837 1550 1875 turbaremus,
1581 1837 1607 1867 si
1629 1837 1711 1867 illam
1733 1838 1918 1868 sententiam

192 1893 355 1929 sequentes
380 1890 546 1921 Pindarum
570 1900 653 1929 spem
680 1900 766 1921 suam
795 1891 924 1921 mediam
946 1891 1166 1930 interposuisse
1189 1891 1358 1921 diceremus
1368 1893 1382 1920 ἱ)
1410 1890 1490 1927 Quid
1512 1890 1592 1929 quod
1616 1893 1739 1929 poetam
1761 1890 1836 1921 vitio
1859 1900 1918 1921 non

192 1943 319 1973 liberum
348 1943 574 1982 judicaremus,
607 1944 694 1982 quasi
725 1944 754 1974 in
780 1944 943 1975 indicanda
976 1953 1028 1983 spe
1059 1953 1114 1974 sua
1146 1944 1239 1974 fuerit
1258 1944 1381 1981 nimius,
1413 1943 1554 1982 quoniam
1579 1953 1666 1974 versu
1691 1946 1729 1973 90
1757 1947 1787 1974 et
1809 1944 1838 1974 in
1860 1943 1918 1974 fine

193 1996 351 2027 carminis:
381 1996 467 2034 ἐμῶν
497 1994 642 2035 δ’ἱῖμνωι·
664 1994 734 2033 ἄεξ’
764 1996 916 2036 εὐτερπὲς
944 1995 1049 2033 (ἲν-θος
1075 1998 1151 2028 satis
1181 2000 1227 2028 est
1257 1998 1286 2027 in
1310 1997 1362 2027 illa
1390 2006 1422 2027 re
1450 1999 1610 2027 versatus?
1653 1999 1752 2034 Quare
1774 1997 1856 2028 illam
1880 1997 1918 2027 de

193 2049 312 2080 duabus
339 2049 459 2080 ancoris
489 2049 649 2088 imaginem
678 2059 738 2080 non
767 2059 931 2089 possumus
963 2060 1021 2081 non
1052 2051 1091 2081 ad
1122 2054 1238 2082 sortem
1266 2060 1371 2081 eorum
1394 2050 1526 2089 referre7
1557 2050 1607 2089 qui
1641 2053 1672 2081 et
1694 2050 1863 2090 Stymphali
1886 2053 1918 2081 et

193 2102 350 2141 Syracusis
373 2102 494 2133 domum
516 2105 546 2133 et
569 2103 722 2134 civitatem
745 2103 908 2135 habebant.

1693 2550 1708 2574 10
