2066 2870
1041 180 1058 208 5

286 281 491 320 Aggredimur
517 289 596 312 nunc
619 281 658 312 ad
684 290 751 312 eam
780 282 1008 322 quaestionem,
1037 283 1109 322 quid
1140 283 1178 313 (10
1207 282 1382 314 difficillima
1413 283 1503 323 liujus
1530 285 1673 316 carminis
1694 289 1784 325 parte
1808 287 1877 319 inde
1899 299 1918 320 a

190 343 281 365 versu
304 337 338 365 81
372 343 467 373 usque
497 334 535 365 ad
566 344 689 365 versum
719 338 752 365 91
783 335 981 373 judicandum
1012 345 1204 368 censeamus.
1243 339 1316 366 aute
1343 337 1462 374 omnia,
1497 337 1547 376 qui
1577 339 1640 369 sint
1668 338 1787 379 ἑταῖροι
1814 340 1856 372 1111
1887 344 1918 372 et

190 389 307 418 Aeneas
330 387 469 418 habendi.
514 387 601 424 Quod
625 397 683 418 non
708 388 796 419 nimis
820 388 942 419 difficile
965 391 1011 419 est
1034 389 1215 427 dijudicare,
1243 398 1307 420 cum
1331 390 1463 420 animum
1489 390 1662 422 adverteris
1683 392 1722 423 ad
1744 402 1866 424 versum
1884 397 1914 425 7:

554 440 740 480 ἐπικύρσαις
762 441 923 481 (ἐφθόνων
945 442 1055 473 (ἱστῶν
1077 443 1112 471 ἐν
1137 442 1280 481 ἱμερταῖς
1302 443 1437 480 ἀοιδαῖς,

189 493 241 532 qui
263 493 361 524 ἀστοί
381 502 440 523 0011
466 498 539 523 sunt
563 502 666 524 onmes
690 494 785 533 cives,
817 495 869 525 scd
900 498 1002 525 certus
1025 504 1169 525 numerus
1199 504 1322 531 eorum,
1354 495 1465 534 quibus
1488 496 1602 526 invidia
1625 497 1802 528 carentibus
1825 508 1916 530 versu

190 549 227 576 74
249 549 446 584 opponuntur
468 547 570 577 invidi.
614 546 668 577 Cui
691 548 862 578 sententiae
886 557 946 578 1100
970 548 1095 578 obstant
1119 557 1170 579 ea.
1203 557 1280 587 quae
1304 548 1409 587 paullo
1432 551 1504 587 post
1526 549 1555 579 in
1580 549 1755 581 universum
1776 550 1857 582 dicta
1877 552 1915 582 ad

189 598 308 629 laudem
331 599 503 637 augendam
527 599 632 630 addita
655 603 743 630 sunt:

554 653 666 683 πολλοὶ
689 653 725 683 δὲ
746 657 927 692 ,ιιέμιτινται
947 653 1044 683 καλὸν
1067 653 1100 683 εἴ
1114 665 1143 683 τι.
1165 655 1308 694 ποναθῇ,

189 705 297 744 quibus
320 705 384 735 fere
407 705 462 736 hoc
484 705 578 736 inest:
603 708 633 736 et
656 715 692 736 eo
715 706 815 736 minus
839 706 938 736 α’(ῖτοί
957 706 998 737 1111
1023 707 1077 737 11111
1099 707 1247 744 invident,
1271 716 1337 737 cum
1363 707 1486 737 omnino
1510 707 1550 738 ab
1573 707 1745 739 hominibus
1768 718 1813 747 ea,
1835 718 1916 749 quae

188 758 331 797 periculis
354 763 385 788 et,
406 758 562 789 laboribus
592 762 771 798 comparata
800 762 887 797 sunt,
916 759 1005 790 laude
1035 759 1128 798 digna
1155 759 1225 790 duci
1254 760 1382 790 soleant.
1426 759 1573 791 Conferas
1602 761 1693 791 etiam
1716 771 1836 792 versum
1868 765 1916 802 99,

189 821 247 850 quo
276 811 371 841 Hiero
401 814 560 842 cantorum
599 812 718 842 turbam
752 821 768 842 e
796 813 897 851 patria
929 813 1060 843 Arcadia
1097 813 1126 843 10
1165 813 1297 851 patriam
1332 813 1500 852 Syracusas
1541 818 1745 845 revertentem
1786 815 1916 855 benigne

189 865 328 903 excipere
351 865 488 904 jubetur.
532 864 635 895 Ἀστοί
653 865 748 903 igitur
770 865 812 896 illi
837 868 910 896 sunt
932 865 1080 903 gentilicii
1103 866 1231 904 Agesiae
1256 875 1271 896 e
1296 866 1489 897 ι10101111111110
1512 870 1614 905 geute.
1638 868 1689 906 qui
1711 870 1741 898 et
1758 868 1916 907 Syracusis

188 921 218 948 et
241 917 419 957 Stymphali,
442 918 521 948 unde
544 927 618 956 gens
642 922 710 948 erat
731 919 870 955 oriunda,
893 918 1013 949 domum
1038 918 1201 956 habebant,
1223 919 1326 958 amici,
1349 920 1490 957 comites,
1514 921 1676 951 necessarii
1702 921 1840 960 victoris,
1863 923 1915 961 qui

188 981 254 1002 cum
283 971 334 1001 alii
372 971 507 1001 homines
538 971 651 1001 invidia
682 972 846 1010 capiantur
882 971 924 1011 (v.
960 972 1027 1010 74),
1057 972 1172 1003 invidia
1206 974 1235 1002 in
1267 973 1396 1011 Agesiae
1433 973 1560 1003 victoria
1592 977 1699 1004 carent
1730 972 1914 1014 (liqooroa).

188 1027 322 1055 Aeneam
355 1027 456 1054 autem
493 1033 560 1054 cum
590 1024 766 1063 Hartungio
800 1034 982 1064 persuasum
1018 1025 1114 1055 liabeo
1150 1028 1181 1055 et
1216 1025 1315 1064 ipsum
1349 1035 1366 1056 e
1395 1026 1525 1057 Jamidis
1559 1026 1670 1066 fuisse,
1708 1028 1760 1066 qui
1788 1027 1915 1059 chorum

188 1078 385 1116 instruxerit,
417 1086 601 1116 quamquam
631 1087 704 1108 num
733 1078 789 1108 hoc
814 1088 939 1109 munere
967 1087 1088 1117 semper
1117 1078 1241 1109 functus
1271 1079 1312 1109 sit
1342 1079 1371 1109 in
1398 1079 1489 1110 dubio
1513 1079 1661 1119 relinquo.
1705 1081 1810 1120 Neque
1834 1081 1914 1112 enim
1960 1113 1964 1118 ,

187 1132 271 1162 chori
294 1131 475 1169 magistrum
502 1131 630 1170 pecunia
653 1131 835 1162 conductum
857 1141 924 1162 eum
949 1141 1015 1162 cum
1043 1131 1209 1162 scholiasta
1237 1132 1381 1169 dixerim,
1411 1135 1441 1162 et
1464 1141 1518 1163 cur
1540 1132 1640 1171 hymni
1666 1136 1821 1164 auctorem
1846 1144 1914 1166 eum

188 1184 280 1215 nolim
301 1188 410 1223 putare
433 1193 468 1215 ex
491 1184 543 1223 iis,
575 1193 653 1223 quae
684 1184 792 1215 dehinc
822 1185 1001 1224 disputabo,
1031 1185 1203 1224 apparebit.
1248 1185 1417 1222 Quaeritur
1439 1186 1535 1224 enim,
1567 1186 1648 1224 quod
1673 1187 1713 1217 sit
1740 1187 1914 1227 imperativi

187 1236 319 1277 ὄτρυνον
348 1239 405 1267 νῦν
434 1238 575 1277 ἑταίρους
606 1237 785 1277 subJ'ectum,
830 1238 1001 1269 Secundum
1029 1238 1189 1277 vulgarem
1219 1238 1425 1277 interpretum
1452 1239 1636 1270 sententiam
1662 1240 1779 1271 Aeneas
1804 1243 1849 1271 est
1878 1242 1914 1274 iS.

187 1292 237 1331 qui
260 1292 356 1322 socios
382 1300 400 1321 a
427 1294 517 1330 poeta
536 1291 662 1329 jubetur
690 1291 728 1322 ad
752 1291 922 1322 canendum
945 1291 1087 1330 incitare,
1118 1300 1214 1330 neque
1239 1295 1347 1322 contra
1370 1294 1512 1323 naturam
1535 1296 1583 1323 est
1606 1292 1663 1323 hoc
1683 1295 1829 1324 statuere.
1873 1295 1914 1325 At

188 1354 253 1376 cum
283 1344 527 1376 consideramus.
556 1344 659 1383 qualia
682 1344 803 1375 Aeneae
831 1344 872 1375 illi
894 1345 925 1375 in
952 1344 1107 1378 versibus,
1140 1345 1189 1383 qui
1213 1345 1435 1384 insequuntur,
1464 1346 1650 1385 appositive,
1683 1349 1717 1378 ut
1739 1347 1784 1378 ita
1807 1347 1914 1387 dicam,

187 1398 412 1429 attribuantur:

472 1451 543 1482 ἐσσὶ
562 1451 622 1490 γιὲρ
641 1448 769 1490 ἄγγελος
784 1450 894 1490 ὀρθός,
916 1450 1063 1492 ἠϋκόμων
1084 1450 1229 1482 σκυτάλα
1242 1453 1383 1490 Μοισᾶν,
1408 1451 1520 1490 γλυκύς
1540 1453 1658 1493 κρατῆρ
1679 1452 1914 1493 ἀγαφθέγκτων

1129 1503 1255 1543 ἀοιδᾶν,

187 1568 248 1590 non
278 1558 446 1597 poterimus
483 1566 549 1588 cum
578 1557 745 1588 Schmidtio
782 1560 887 1588 nostro
918 1566 978 1588 non
1007 1557 1193 1595 consentire,
1233 1558 1282 1597 qui
1313 1558 1372 1597 illis
1402 1558 1587 1597 imaginibus
1618 1559 1752 1590 Aeneam
1782 1559 1914 1598 pessime

187 1614 327 1642 notatum
350 1620 417 1642 esse
440 1610 598 1641 intellexit.
642 1610 787 1649 Ejusdem
811 1610 866 1641 viri
889 1610 1057 1642 doctissimi
1082 1610 1119 1641 de
1142 1610 1199 1641 1100
1221 1610 1286 1641 loco
1309 1612 1493 1642 sententiam
1516 1621 1584 1642 011111
1606 1621 1829 1651 cognoscerem,
1850 1621 1912 1643 non

187 1665 262 1696 satis
288 1665 373 1704 potui
402 1663 619 1702 sagacitatem,
650 1672 710 1702 qua
744 1669 793 1694 est
823 1664 1011 1702 excogitata,
1048 1663 1203 1695 admirari.
1255 1664 1339 1695 Cotis
1370 1665 1448 1695 enim
1479 1665 1509 1696 in
1542 1674 1633 1696 versu
1664 1667 1701 1696 82
1732 1665 1912 1697 memoratio

187 1718 385 1749 Schmidtium
409 1727 444 1748 eo
468 1717 611 1755 adduxit,
632 1720 667 1747 ut
686 1720 840 1748 certamen
862 1717 986 1756 aliquod
1008 1717 1139 1747 Pindaro
1163 1726 1229 1748 cum
1250 1718 1310 1749 alio
1333 1718 1466 1757 quodam
1489 1722 1582 1757 poeta
1605 1718 1796 1758 Stymphalio
1820 1718 1912 1749 fuisse

187 1771 394 1809 contenderet,
416 1779 474 1801 non
492 1770 647 1809 proprium
671 1770 701 1801 id
717 1780 785 1801 cum
802 1770 935 1810 ejusdem
957 1771 1126 1801 carminum
1142 1771 1261 1809 generis
1284 1774 1384 1811 poeta,
1407 1771 1460 1802 sed
1474 1780 1541 1802 cum
1558 1771 1673 1811 hymni,
1695 1772 1746 1810 qui
1770 1781 1860 1803 versu
1874 1774 1911 1802 89

187 1828 382 1857 memoratur,
407 1827 534 1854 auctore
557 1825 668 1853 Aenea.
713 1823 799 1854 Hanc
820 1833 882 1854 rem
903 1824 950 1854 vir
972 1823 1023 1854 ille
1045 1814 1117 1854 dicit
1136 1823 1269 1854 Pindaro
1291 1824 1416 1855 stimulo
1438 1824 1543 1856 fuisse.
1565 1828 1596 1855 et
1610 1825 1729 1855 Aeneae
1742 1824 1910 1855 Pindarum

186 1888 238 1909 ca.
263 1887 341 1917 quae
360 1877 398 1907 ad
422 1877 546 1907 deorum
573 1878 687 1907 cultum
710 1877 916 1915 pertinerent,
946 1877 1083 1907 canenda
1108 1877 1239 1907 libenter
1262 1878 1465 1912 concessisse,
1496 1886 1561 1908 cum
1583 1877 1640 1908 sibi
1663 1878 1726 1916 ipse
1749 1877 1910 1917 epinicium

187 1934 321 1962 sumeret
345 1930 523 1961 canendum.
567 1930 633 1961 Huc
661 1930 753 1960 etiam
776 1929 967 1961 referendum
995 1939 1076 1967 esse,
1111 1931 1192 1969 quod
1217 1940 1305 1961 versu
1332 1934 1366 1961 19
1390 1931 1488 1969 dicat,
1521 1940 1553 1961 se
1576 1940 1635 1961 non
1665 1940 1731 1961 esse
1753 1931 1791 1961 ad
1815 1931 1910 1961 rixam

185 1988 374 2024 promptum;
397 1992 580 2022 quamquam
596 1983 734 2022 equidem
753 1993 813 2014 non
836 1983 995 2022 perspicio,
1015 1983 1088 2022 quid
1104 1984 1233 2023 epinicio
1250 1993 1317 2014 cum
1340 1983 1451 2022 hymno
1474 1984 1524 2022 sit,
1547 1986 1582 2014 ut
1599 1983 1640 2014 sit
1663 1992 1755 2014 causa
1779 1983 1909 2014 rixandi.

187 2037 333 2075 Quoniam
356 2040 458 2067 autem
483 2036 607 2067 l'indari
631 2036 761 2067 multum
786 2037 936 2067 iuteresse
961 2037 1116 2069 debuerit.
1139 2040 1173 2067 ut
1194 2046 1315 2067 carmen
1339 2037 1402 2076 ejus
1426 2037 1464 2067 ab
1487 2038 1591 2067 Aenea
1615 2040 1644 2067 et
1667 2037 1731 2076 ejus
1755 2037 1911 2068 choreutis

184 2090 377 2130 probaretur,
400 2089 586 2121 Schmidtius
606 2090 705 2128 ipsum
728 2093 848 2128 poetam
869 2093 961 2128 putat
984 2090 1050 2120 illos
1063 2090 1190 2129 jussisse
1213 2090 1342 2129 primum
1359 2090 1503 2129 hymnum
1521 2091 1641 2120 Aeneae
1658 2099 1777 2127 canere,
1801 2090 1910 2121 deinde

182 2144 320 2182 ‚iudicare
347 2132 426 2173 num¹
444 2142 595 2173 Pindarus
622 2142 819 2181 opprobrium
848 2143 1032 2173 Boeotorum
1064 2143 1172 2181 evitet,
1208 2143 1305 2182 ipsum
1329 2148 1451 2182 poetam
1483 2144 1566 2174 dico.
1596 2152 1664 2173 nam
1696 2143 1802 2175 verba:
1837 2143 1909 2174 ἐσσὶ

184 2198 243 2236 γάρ
257 2215 287 2218 --
311 2196 427 2227 αόιδᾱν
442 2196 626 2227 Schmidtius
649 2196 692 2227 ita
708 2195 868 2231 intellessit,
887 2199 918 2227 ut
934 2199 1054 2235 poetam
1072 2205 1104 2227 se
1123 2200 1153 2226 et
1169 2205 1289 2226 carmen
1306 2206 1393 2227 suum
1408 2205 1469 2227 una
1485 2205 1616 2235 persona
1631 2196 1908 2236 comprehendisse,

185 2251 321 2281 vocativo
345 2250 440 2288 igitur
462 2258 534 2280 casu
556 2249 650 2279 verba
677 2249 821 2279 σκυτάλα
845 2251 978 2279 Μοισᾶν
999 2252 1030 2280 01
1051 2249 1162 2288 γλυκύς
1184 2249 1303 2291 κρατήρ
1333 2249 1536 2287 intellegenda
1563 2249 1739 2280 arbitretur.
1782 2249 1848 2287 Qua
1878 2250 1907 2281 in

185 2312 217 2334 re
239 2303 305 2334 ideo
317 2303 444 2341 offendo,
467 2302 546 2342 quod
567 2302 660 2333 verba
680 2303 708 2333 in
730 2303 868 2333 vocativo
884 2303 995 2342 posita,
1017 2311 1096 2341 quac
1119 2303 1237 2341 poetica
1257 2303 1389 2342 imagi-ne
1407 2321 1438 2324 —
1457 2303 1529 2333 ἐσσὶ
1545 2302 1603 2341 γάρ
1618 2299 1745 2341 ἄγγελος
1757 2302 1907 2341 ὀρθός-

185 2365 201 2387 e
217 2355 375 2387 Schmidtii
397 2355 517 2386 ratione
540 2359 740 2393 exornantur,
759 2365 817 2386 non
839 2356 981 2395 propriae
998 2358 1071 2386 sunt
1089 2356 1230 2386 carminis
1253 2356 1513 2395 significationes.
1538 2355 1589 2385 sed
1614 2358 1645 2385 et
1662 2355 1727 2394 ipsa
1750 2355 1908 2393 imagines.

184 2409 352 2440 Praeterea
374 2411 477 2439 autem
499 2409 550 2447 qui
571 2408 643 2439 ferri
666 2413 777 2447 potest,
801 2408 891 2447 quod.
913 2418 980 2439 cum
996 2408 1182 2439 Sclimidtius
1208 2409 1281 2439 velit
1295 2409 1458 2448 epinicium
1476 2408 1533 2439 diei
1557 2408 1629 2439 festi
1651 2408 1808 2439 exordium
1832 2417 1908 2439 esse-

184 2465 248 2493 tum
278 2461 397 2492 demum
427 2461 528 2500 hymni
565 2461 732 2493 clioreutae
763 2462 800 2492 (10
832 2462 960 2501 epinicio
987 2461 1127 2501 judicare
1152 2461 1314 2500 jubentur,
1353 2471 1420 2492 cum
1451 2461 1593 2501 hymnum
1621 2461 1685 2501 jam
1719 2461 1907 2493 cecinerint?
