2066 2870
1006 187 1023 216 2

155 291 231 322 deae
255 299 374 321 sacrum
397 289 560 321 verisimile
583 299 650 321 esse
672 289 712 320 ab
735 289 794 320 alio
815 293 909 329 atque
933 290 1044 329 hymno
1062 290 1195 321 carmine
1216 289 1320 326 ordiri,
1340 298 1437 328 neque
1459 290 1540 328 quod
1564 289 1702 320 versibus
1726 292 1764 320 88
1786 293 1818 320 et
1840 291 1877 321 89

154 343 318 375 choreutae
334 342 480 382 (ἑταῖροι)
490 344 630 382 primum
645 343 664 373 J
667 351 797 373 unonem
812 342 1033 382 Stymphaliam
1050 352 1158 373 canere
1175 342 1286 373 deinde
1304 342 1444 381 judicare
1463 342 1620 380 jubentur,
1641 351 1711 373 num
1728 342 1878 374 Pindarus

155 400 242 427 vetus
263 396 446 426 Boeotorum
470 396 663 435 opprobrium
696 396 733 427 de
764 405 816 426 sue
844 395 987 433 effugiat,
1012 395 1171 427 Schmidtii
1194 395 1365 426 sententiae
1390 395 1509 433 favere,
1542 405 1608 426 cum
1636 395 1782 434 judicium
1805 395 1877 426 illud

154 458 213 479 non
235 449 370 488 potuerit
390 457 449 478 non
474 449 503 479 in
528 448 557 479 id
581 452 700 488 tempus
723 448 847 487 cadere,
872 458 931 488 quo
953 449 1114 488 epinicium
1139 449 1317 479 canebatur.

251 502 310 533 Sed
335 505 527 532 revertamur
541 502 579 531 ad
595 502 737 532 carminis
754 502 922 539 exordium,
945 502 1024 540 quod
1039 501 1172 532 sortasse
1187 506 1268 531 recte
1282 501 1566 540 interpretabimur,
1587 501 1611 531 si
1628 501 1713 532 aliud
1725 501 1878 540 quoddam

156 563 279 586 carmen
305 564 371 585 cum
395 554 450 585 boc
473 557 685 593 comparantes
705 555 743 585 ab
765 554 856 594 liujus
880 558 1017 594 tempore
1040 563 1101 585 non
1125 555 1214 585 nimis
1239 558 1406 592 remotum,
1436 557 1529 593 prout
1552 554 1674 585 diversa
1694 555 1724 585 in
1748 554 1880 585 carmine

154 607 247 638 fuerit
270 607 434 638 tractanda
459 608 623 646 materies,
654 608 775 638 diversa
806 617 872 639 ean}
895 608 1063 638 Pindarum
1093 607 1226 638 induisse
1263 607 1362 638 forma
1390 611 1484 646 atque
1513 608 1620 638 habitu
1656 607 1879 644 invenerimus3

155 661 237 699 quod
269 663 370 691 tamen
401 669 462 691 non
491 660 723 691 demonstrandi
753 661 805 691 sed
835 661 1010 691 declarandi
1043 670 1135 692 causa
1164 660 1335 691 faciendum
1368 663 1452 699 puto.
1497 660 1626 692 Carmen
1656 660 1811 700 Olymp.1
1838 661 1879 691 sis

155 714 292 751 evolvas,
324 713 408 752 cujus
435 722 553 744 summa
578 722 614 743 ea
639 716 703 751 est,
732 717 767 744 ut
798 713 938 744 ludorum
963 714 1191 753 Olympicorum
1221 713 1328 745 laudes
1357 714 1584 753 praedicentur,
1619 714 1713 753 ipsius
1736 713 1879 744 Hieronis

156 767 281 797 victoris
311 767 376 796 laus
400 766 570 797 oblitescat.
615 766 726 805 Itaque
753 770 783 797 et
814 767 1061 806 splendidissimo
1092 767 1216 798 exordio
1240 766 1448 806 Olympiorum
1481 767 1615 806 dignitas
1638 768 1772 806 canitur,
1802 775 1880 806 quae

155 821 189 850 ut
210 819 255 850 sol
278 819 359 849 inter
383 822 485 850 cetera
509 819 610 850 sidera
633 819 813 858 splendeat,
844 820 985 851 omnibus
1013 820 1094 851 ludis
1117 820 1215 859 gloria
1244 820 1329 851 facilc
1352 820 1553 858 antecedant,
1583 823 1613 851 et
1637 823 1736 851 totum
1758 829 1879 851 carmen

156 873 186 903 in
215 872 261 903 his
294 872 435 903 laudibus
458 875 609 903 versatur,
654 872 770 910 Quodsi
798 873 895 904 victor
919 874 1022 912 justus
1050 873 1161 904 dicitur
1191 876 1222 903 et
1251 873 1417 912 opulentus
1445 877 1476 904 et
1505 873 1643 904 omnibus
1674 873 1841 904 virtutibus
1863 882 1880 903 a

157 925 310 964 dignitate
339 926 424 964 regia
452 934 512 956 non
543 925 650 956 alienis
680 926 776 957 libere
805 927 991 965 inserviens,
1023 926 1098 957 haec
1127 926 1280 957 attributa
1299 926 1337 956 ad
1369 926 1465 957 totius
1496 927 1638 957 carminis
1668 929 1880 963 argumentum

157 978 270 1009 nullius
293 981 366 1009 sunt
388 979 547 1017 momenti,
582 988 648 1009 cum
679 980 709 1010 in
733 979 861 1018 epinicio
884 983 977 1018 poeta
1006 982 1102 1019 atque
1132 989 1168 1010 eo
1197 980 1262 1018 regi
1292 979 1480 1019 amplissimo
1509 980 1727 1011 conscribendo
1761 982 1881 1011 tantum

157 1031 221 1070 ejus
244 1032 441 1071 praedicandi
456 1032 583 1070 muneri,
605 1033 687 1071 quod
704 1032 881 1063 detractare
903 1042 964 1063 non
980 1036 1114 1071 poterat,
1138 1032 1331 1070 satisfecerit,
1356 1042 1422 1063 cum
1438 1033 1587 1063 institutis
1611 1037 1712 1063 autem
1735 1042 1752 1064 a
1767 1033 1882 1072 Pelope

158 1084 305 1124 Olympiis
334 1085 404 1115 illae
432 1085 563 1116 virtutes
594 1086 715 1116 minime
742 1086 926 1125 conjunctae
955 1086 1125 1117 videantur.
1171 1086 1238 1122 Quo
1261 1086 1379 1116 accedit
1406 1086 1487 1124 quod
1518 1086 1608 1120 deus,
1638 1087 1687 1125 qui
1710 1096 1801 1117 versu
1825 1089 1881 1117 106

156 1138 299 1168 Hieronis
325 1138 435 1169 studiis
465 1138 656 1177 equestribus
686 1138 788 1169 favere
817 1139 943 1176 dicitur,
974 1148 1035 1169 non
1067 1139 1143 1170 deus
1165 1143 1227 1177 est,
1259 1140 1397 1178 quicum
1428 1143 1518 1177 gente
1540 1139 1684 1170 Hieronis
1709 1140 1880 1178 antiquitus

155 1191 196 1222 sit
218 1191 398 1230 conjunctus
419 1196 450 1221 ct
471 1195 624 1222 recentem
643 1191 722 1222 lianc
744 1192 879 1223 familiae
904 1193 1037 1231 gratiam
1060 1196 1188 1231 propter
1212 1193 1360 1231 majorum
1384 1193 1493 1223 merita
1515 1192 1699 1231 praebuerit.

251 1244 286 1275 In
318 1245 451 1275 carmine
484 1244 601 1283 Olymp.
628 1244 670 1275 VI
703 1246 804 1276 onmia
838 1254 929 1284 quam
960 1249 1032 1276 sunt.
1068 1246 1200 1276 diversa!
1242 1245 1301 1276 Ubi
1332 1249 1421 1284 poeta
1452 1246 1605 1276 cardinem
1635 1256 1737 1276 rerum
1768 1246 1882 1277 versari

156 1297 305 1335 voluerit,
334 1298 364 1328 in
392 1307 577 1337 unoquoque
606 1299 740 1329 carmine
772 1298 860 1329 facile
882 1300 1092 1338 cognoscimus
1116 1299 1141 1329 si
1170 1299 1305 1330 animum
1328 1299 1566 1335 adverterimus,
1597 1300 1626 1329 in
1650 1309 1707 1338 qua
1734 1303 1822 1339 parte
1845 1299 1883 1330 ad

156 1360 205 1381 res
227 1350 448 1390 mythologicas
468 1351 648 1390 descendat,
670 1361 740 1382 nam
759 1353 809 1391 qui
832 1352 997 1391 diligenter
1016 1355 1139 1391 poetam
1156 1351 1235 1382 hunc
1250 1352 1463 1382 suavissimum
1480 1352 1597 1391 legerit,
1620 1353 1677 1383 sibi
1699 1362 1882 1392 persuasum

156 1403 298 1442 habebit,
327 1404 386 1435 illis
416 1404 527 1435 fabulis
552 1414 621 1435 eum
642 1408 707 1435 tum
731 1405 793 1444 uti,
822 1415 887 1436 cum
918 1415 968 1436 res
990 1408 1171 1445 praesentes
1194 1405 1261 1436 luce
1283 1415 1299 1435 e
1322 1406 1462 1444 mythicis
1487 1406 1678 1445 temporibus
1701 1406 1884 1445 deprompta

159 1460 318 1496 tamquam
341 1457 535 1488 dilueidiores
558 1458 686 1489 reddere
709 1461 847 1489 conatur.
890 1459 999 1498 Itaque
1029 1460 1058 1489 in
1089 1460 1223 1490 carmine
1247 1459 1366 1498 Olymp.
1390 1461 1412 1490 Ι.
1443 1462 1526 1490 totus
1556 1459 1678 1499 mythus
1703 1459 1740 1490 de
1762 1460 1885 1491 institu-

158 1511 240 1541 tione
270 1510 411 1541 ludorum
435 1511 662 1550 Olympicorum
693 1515 755 1551 est,
783 1513 814 1543 in
837 1513 970 1543 carmine
993 1516 1079 1544 sexto
1103 1522 1169 1543 eum
1194 1513 1322 1551 Agesiae
1353 1513 1496 1543 fortunae
1526 1516 1558 1544 et
1579 1513 1771 1544 ,Iamidarum
1790 1514 1885 1552 genti,

159 1573 174 1594 e
195 1572 256 1603 qua
278 1564 327 1594 ille
350 1568 406 1602 est,
434 1565 556 1595 fabulae
584 1564 735 1604 mytliicae
767 1566 829 1596 sint
852 1566 1026 1603 admixtae,
1054 1565 1189 1596 dubitari
1221 1566 1341 1604 nequit,
1365 1575 1442 1604 quae
1465 1575 1514 1597 res
1536 1566 1597 1597 sint
1620 1567 1649 1596 in
1673 1567 1729 1597 boc
1752 1567 1884 1597 carmine

158 1618 331 1656 prImariae.
387 1618 489 1656 Atque
526 1618 658 1657 primum
692 1619 815 1658 quidem
844 1619 976 1658 Agesiae
1013 1619 1111 1649 virtus
1147 1618 1327 1657 Amphiarai
1361 1618 1499 1658 exemplo
1537 1622 1718 1658 exornatur,
1752 1620 1884 1650 maxima

160 1671 304 1710 deinceps
327 1679 399 1709 pars
414 1671 556 1702 carminis
578 1671 608 1702 in
629 1671 814 1702 illustranda
829 1672 1019 1703 Jamidarum
1036 1672 1136 1710 gentis
1154 1672 1270 1710 origine
1291 1676 1382 1711 atque
1405 1676 1489 1703 sorte
1506 1673 1572 1712 ejus
1586 1672 1710 1703 fatidica
1734 1677 1883 1704 versatur.

161 1723 238 1754 Huic
259 1724 356 1754 addas
378 1725 478 1754 onmia
501 1733 552 1763 ea,
580 1733 657 1763 quae
679 1728 769 1764 poeta
791 1726 935 1764 Agesiam
958 1726 1089 1756 laudans
1114 1725 1203 1762 dicit,
1232 1728 1295 1756 tani
1317 1728 1401 1756 arcte
1423 1734 1490 1756 cum
1512 1729 1579 1756 tota
1601 1726 1743 1757 carminis
1765 1736 1886 1766 compo-

162 1777 271 1808 sitione
294 1786 429 1809 connexa
453 1787 536 1816 csse,
569 1781 604 1808 ut
625 1788 685 1809 non
707 1779 796 1809 modo
818 1779 893 1809 nihil
916 1779 1090 1817 abundare,
1118 1778 1171 1809 sed
1195 1788 1232 1808 ne
1255 1778 1333 1809 demi
1350 1778 1469 1817 quidem
1494 1779 1660 1818 quidquam
1683 1788 1772 1818 posse
1794 1780 1886 1817 dicas,

162 1831 188 1861 si
209 1840 329 1861 carmen
351 1834 436 1862 recto
459 1832 536 1870 pede
566 1835 649 1862 stare
672 1832 754 1863 velis.
799 1832 937 1863 Victoria
963 1833 1042 1862 enim
1066 1832 1238 1871 Olympica,
1268 1841 1327 1871 qua
1351 1832 1423 1862 nibil
1445 1832 1581 1863 accidere
1604 1836 1708 1871 potest
1729 1833 1886 1872 insignius,

162 1884 290 1922 Agesias
313 1893 409 1923 nuper
433 1884 514 1922 apud
536 1884 672 1915 homines
694 1885 825 1924 gloriam
847 1888 1028 1915 consoeutus
1053 1888 1114 1922 est;
1144 1885 1225 1915 inter
1248 1885 1422 1916 conditores
1445 1884 1665 1924 Syracusarum
1688 1889 1885 1924 numeratum

164 1937 243 1968 idem
267 1937 439 1976 antiquitus
463 1940 530 1968 tota
553 1947 619 1968 cuni
641 1941 733 1976 gente
755 1938 892 1968 vaticinii
916 1938 1095 1969 muneribus
1118 1938 1206 1968 Pisae
1233 1938 1380 1977 fungitur.
1425 1939 1531 1978 Neque
1558 1949 1630 1969 vero
1653 1939 1732 1969 forte
1753 1939 1885 1978 fortuna,

165 1993 199 2021 ut
219 1990 268 2028 fit,
299 1990 414 2029 gloriae
437 1991 589 2029 particeps
610 1990 707 2022 sactus
730 1994 793 2029 cst,
823 1991 876 2022 sed
901 1992 1005 2022 multis
1035 1991 1192 2022 laboribus
1216 1994 1246 2022 et
1266 1991 1415 2022 molestiis
1436 2002 1469 2022 eo
1492 1993 1639 2031 pervenit.
1659 1993 1702 2022 ita
1723 1995 1757 2023 ut
1777 1992 1886 2032 dignus

165 2044 223 2081 sit,
245 2043 296 2082 qui
319 2052 387 2074 cum
408 2043 611 2083 Amphiarao,
635 2047 705 2075 vate
727 2045 841 2083 optimo
866 2048 897 2075 et
920 2044 1086 2083 bellatore,
1110 2048 1311 2083 componatur
1334 2048 1420 2075 vates
1443 2048 1474 2075 et
1496 2046 1560 2084 ipse
1583 2045 1750 2084 bellicaque
1771 2046 1887 2077 virtute

165 2096 325 2127 excellens.

262 2149 321 2181 Sed
350 2149 428 2180 hanc
458 2150 615 2180 victoriam
647 2159 708 2180 non
737 2151 802 2181 sine
824 2150 1014 2181 Jamidarum
1042 2151 1153 2181 auxilio
1183 2151 1312 2189 adeptus
1342 2154 1406 2188 est,
1439 2151 1491 2190 qui
1522 2151 1627 2181 multis
1659 2160 1750 2190 saepe
1779 2155 1809 2182 et
1830 2152 1888 2191 piis

166 2202 305 2241 precibus
343 2202 558 2242 sacrificiisque
594 2204 758 2234 secundum
788 2213 893 2234 versus
918 2207 1032 2234 77—21
1068 2204 1270 2242 Mercurium,
1301 2204 1441 2235 ludorum
1471 2204 1680 2243 praefectum,
1724 2205 1887 2244 propitium

166 2255 382 2294 reddiderunt3
406 2256 489 2296 cujus
512 2256 639 2295 pietatis
661 2257 791 2295 Agesias
814 2266 893 2288 nunc
914 2257 1033 2288 fructus
1056 2257 1144 2296 capit.
1189 2257 1283 2288 Genti
1306 2257 1401 2295 igitur
1423 2257 1549 2296 Agesias
1575 2257 1702 2295 gloriam
1725 2257 1833 2296 debet,
1857 2258 1886 2288 in

167 2312 290 2348 gentem
313 2309 377 2339 vice
398 2318 486 2340 versa
509 2310 638 2348 Agesiae
660 2310 759 2349 gloria
782 2314 912 2341 emanat.

264 2361 370 2400 Neque
398 2364 501 2393 tamen
534 2361 590 2393 hac
620 2362 684 2393 sola
714 2372 745 2393 re
776 2363 964 2394 Jamidarum
1000 2363 1067 2394 laus
1104 2363 1286 2394 continetur.
1351 2362 1457 2393 Altera
1492 2363 1635 2393 carminis
1672 2372 1743 2402 pars
1772 2362 1842 2393 inde
1871 2372 1888 2393 a

170 2423 259 2445 versu
275 2416 312 2445 29
336 2423 431 2454 usque
452 2415 489 2445 ad
510 2424 632 2446 versum
646 2418 678 2446 81
708 2419 785 2455 tota,
807 2420 841 2447 ut
861 2426 954 2455 supra
975 2416 1045 2455 dixi,
1066 2416 1105 2447 ad
1123 2416 1213 2456 hujus
1238 2417 1336 2454 gentis
1360 2415 1493 2446 divinam
1515 2416 1687 2447 claritatem
1709 2419 1837 2455 spectat,
1859 2416 1888 2446 in
