2066 2870
979 193 1016 222 10

385 537 494 624 De
558 542 980 625 carmine
1041 538 1447 653 Phytico
1510 540 1605 627 II.

229 830 274 860 Ex
297 829 438 860 omnibus
460 829 496 860 iis
518 828 641 860 Pindari
662 830 864 869 carminibus,
895 831 925 861 in
951 830 1060 869 quibus
1091 830 1333 869 interpretandis
1361 831 1416 861 viri
1439 831 1521 862 docti
1542 831 1703 869 laborant,
1735 840 1856 863 carmen

131 883 289 923 Pythicum
314 882 481 914 secundum
505 882 587 913 haud
613 883 673 914 scio
703 892 741 914 an
772 883 813 914 sit
842 882 1061 914 difficillimum.
1107 884 1203 921 Quam
1228 883 1437 916 difficultatem
1461 884 1589 915 maxime
1615 885 1643 915 in
1666 894 1701 916 eo
1725 886 1856 924 positam

131 946 198 968 esse
220 936 371 975 arbitror,
403 935 485 974 quod
510 935 662 974 quomodo
685 936 785 967 altera
809 946 881 975 pars
910 937 981 967 inde
1008 946 1025 967 a
1049 946 1137 967 versu
1162 939 1216 975 72,
1246 945 1325 975 quae
1348 938 1445 976 primo
1469 937 1581 968 obtutu
1602 947 1714 968 novum
1738 938 1858 970 videtur

132 998 254 1021 carmen
277 998 343 1019 esse
366 992 397 1019 et
418 998 472 1027 per
495 998 527 1019 se
549 989 742 1027 absolutum,
770 998 835 1020 cum
858 990 953 1029 priori
975 994 1063 1029 parte
1085 990 1265 1029 cohaereat,
1288 999 1347 1021 non
1371 990 1459 1021 facile
1481 991 1676 1030 perspicitur,
1720 992 1858 1032 Longum

131 1047 178 1074 est
200 1046 230 1073 et
252 1044 339 1073 extra
361 1045 508 1079 angustos
531 1041 620 1081 hujus
650 1043 791 1081 opusculi
818 1043 895 1074 fines
926 1044 1059 1082 positum
1090 1052 1259 1082 exponere,
1292 1044 1364 1083 quid
1397 1044 1505 1083 cuique
1536 1045 1670 1075 virorum
1699 1045 1859 1076 doctorum

132 1096 169 1127 de
190 1096 246 1126 hoc
269 1095 403 1126 carmine
426 1095 465 1124 sit
486 1095 598 1134 visum3
622 1104 716 1134 quare
740 1095 813 1126 inihi
837 1096 994 1135 ignoscas,
1017 1106 1147 1135 quaeso,
1178 1097 1258 1135 quod
1283 1098 1386 1127 statim
1412 1098 1449 1128 de
1473 1098 1539 1136 ipsa
1563 1107 1611 1136 re,
1643 1098 1680 1129 de
1703 1107 1763 1137 qua
1786 1099 1857 1129 mihi

132 1150 284 1180 disserere
306 1148 464 1187 proposui,
499 1147 590 1178 verba
613 1148 738 1187 faciam,
767 1149 803 1180 de
824 1158 859 1180 ea
882 1150 1035 1180 sententia
1059 1150 1139 1187 dico,
1170 1159 1249 1189 quae
1281 1154 1379 1181 totum
1411 1160 1531 1181 carmen
1557 1151 1792 1190 complectatur,
1819 1152 1858 1182 ad

129 1210 282 1242 quamque
306 1201 444 1239 singulae
466 1204 590 1239 parteS,
612 1204 643 1232 ut
667 1206 749 1232 recte
772 1202 1009 1241 intellegantur,
1034 1204 1095 1233 sint
1118 1204 1319 1234 revocandae.
1364 1204 1397 1234 In
1419 1213 1494 1243 quo,
1517 1205 1661 1243 quoniam
1683 1205 1771 1236 modo
1795 1206 1858 1236 dixi

131 1256 207 1287 duas
230 1258 337 1294 partes
359 1254 502 1285 carminis
527 1255 622 1285 statui
644 1264 750 1294 posse,
778 1256 910 1295 primum
942 1257 1167 1295 anquirendum
1199 1257 1334 1295 videtur,
1365 1257 1438 1296 quid
1469 1258 1509 1288 sit
1532 1258 1619 1288 —inter
1646 1267 1698 1289 eas
1727 1259 1858 1289 medium

130 1308 362 1347 interpositum,
392 1307 472 1346 quod
496 1316 548 1338 cas
570 1308 737 1347 conjungat
759 1312 790 1339 et
811 1310 932 1348 utrique
954 1310 1053 1349 possit
1078 1310 1175 1340 lucem
1199 1310 1356 1349 praebere.
1403 1312 1501 1350 Atque
1524 1312 1621 1350 prima
1644 1311 1764 1350 quidem
1785 1321 1858 1351 pars

130 1362 261 1393 maxime
282 1361 313 1391 in
336 1361 448 1391 Ixionis
471 1360 574 1392 fabula
599 1365 755 1400 versatur,
779 1362 881 1393 altera
905 1366 971 1393 tota
994 1363 1030 1393 de
1053 1363 1324 1395 calumniatoribus
1347 1368 1375 1394 et
1401 1364 1659 1395 obtrectatoribus
1682 1365 1790 1395 invidis
1811 1369 1859 1396 est

130 1418 224 1454 atque
244 1414 401 1452 malignis,
432 1414 533 1444 inedia
554 1415 737 1454 interposita
759 1419 806 1446 est
830 1416 972 1447 Hieronis
995 1416 1078 1455 laus;
1107 1426 1184 1455 quae
1209 1417 1362 1456 quomodo
1387 1426 1454 1448 cum
1477 1417 1530 1456 iis,
1563 1426 1641 1456 quae
1663 1418 1857 1457 antecedunt,

130 1469 294 1508 conJ'uncta
318 1467 460 1497 videatur
482 1477 563 1498 nunc
585 1469 644 1499 erit
666 1468 886 1507 explicandum.

227 1521 393 1559 Postquam
413 1520 569 1552 Pindarus
596 1521 709 1552 Ixionis
732 1522 867 1553 fabulam
898 1523 936 1553 ad
965 1522 1055 1553 finem
1078 1523 1238 1562 perduxit,
1271 1523 1341 1553 dicit
1366 1523 1503 1554 versibus
1525 1526 1559 1554 51
1584 1532 1650 1563 sqq.
1683 1524 1758 1554 nihil
1782 1533 1857 1563 esse,

131 1575 212 1614 quod
239 1574 313 1605 deus
336 1583 395 1604 non
418 1575 517 1613 possit
539 1575 677 1614 assequi,
714 1576 767 1614 qui
798 1580 829 1606 et
858 1576 992 1615 aquilam
1021 1580 1051 1607 et
1078 1576 1251 1615 delphinum
1275 1577 1436 1607 velocitate
1457 1580 1637 1616 praevertat
1659 1581 1689 1608 et
1712 1577 1858 1616 superbos

132 1628 268 1668 dejiciat,
300 1627 376 1657 alios
405 1631 512 1658 contra
543 1628 659 1667 optima
687 1628 812 1659 fortuna
840 1629 1006 1668 impertiat.
1057 1630 1172 1666 Quibus
1196 1629 1296 1660 verbis
1317 1634 1410 1668 poeta
1435 1630 1599 1661 transitum
1620 1631 1694 1661 facit
1715 1639 1733 1661 a
1756 1630 1858 1662 sabula

132 1682 171 1712 ad
193 1690 243 1712 res
265 1685 459 1720 praesentes,
484 1681 617 1720 alioquin
641 1682 849 1721 ineptissimus
874 1686 965 1713 esset.
1009 1682 1095 1714 Illam
1117 1683 1197 1713 enim
1220 1683 1371 1713 Pindarus
1395 1683 1469 1714 dicit
1490 1683 1538 1714 dei
1561 1687 1757 1723 potestatem,
1779 1693 1858 1723 quae

132 1735 266 1766 Ixionem
289 1734 448 1773 exquisitis
472 1734 629 1773 suppliciis
652 1735 804 1774 affecerit,
835 1745 890 1766 suo
919 1745 1040 1775 quoqne
1068 1739 1208 1775 tempore
1232 1736 1425 1767 insolentiam
1448 1735 1640 1775 confringere
1663 1742 1693 1767 et
1716 1737 1794 1776 fore,
1823 1741 1859 1768 ut

132 1789 224 1819 etiam
252 1788 283 1818 in
313 1787 348 1817 iis
382 1787 472 1818 rebus
504 1788 622 1827 valeat,
660 1798 738 1827 quae
772 1789 811 1819 ad
850 1789 1016 1820 Hieronem
1045 1791 1237 1829 pertineant·⁷
1278 1799 1347 1820 nan]
1377 1789 1415 1820 ad
1449 1791 1547 1829 ipsum
1579 1790 1745 1821 Pindarum
1774 1790 1857 1822 illam

132 1841 326 1872 insolentiam
348 1840 538 1871 referendam
563 1850 629 1872 esse
654 1851 713 1872 non
738 1842 825 1873 facilc
847 1851 969 1881 possum
989 1842 1061 1873 mihi
1078 1843 1274 1882 persuadere.
1317 1844 1367 1881 At,
1389 1844 1500 1882 pergit,
1523 1843 1596 1873 mihi
1613 1843 1781 1875 cavendum
1798 1848 1855 1883 est,

132 1903 170 1925 ne
192 1895 220 1924 in
244 1893 387 1924 invidiam
412 1894 542 1924 incidam
568 1904 681 1932 eorum,
704 1904 778 1933 quos
802 1905 848 1926 me
871 1895 1056 1926 offensurum
1082 1897 1247 1927 verisimile
1263 1900 1324 1935 est,
1347 1896 1424 1927 side
1447 1897 1589 1927 insolenti
1612 1897 1677 1935 illo,
1706 1898 1756 1936 qui
1779 1906 1857 1929 nunc

134 1947 271 1984 exstitit,
294 1947 382 1985 plura
407 1946 506 1977 (lleere
529 1947 634 1985 velim,
655 1957 751 1987 quare
771 1948 847 1979 lianc
868 1958 931 1980 rem
953 1950 1077 1980 missam
1099 1949 1186 1980 facio.
1210 1968 1249 1971 —
1272 1950 1409 1981 Insolens
1432 1953 1532 1981 autem
1554 1950 1603 1980 ille
1626 1951 1692 1989 quis
1715 1951 1784 1982 est?
1813 1951 1858 1982 Ne

134 2000 232 2030 dicam
255 1999 405 2030 Pindaro.
430 2003 521 2038 poeta
545 2000 681 2034 urbano,
704 2001 865 2040 indignum
890 2012 957 2033 esse
982 2003 1143 2033 Hieronem
1167 2003 1221 2034 tali
1244 2003 1334 2034 modo
1358 2004 1395 2034 ab
1418 2003 1579 2034 insolentia
1601 2012 1762 2043 revocare,
1790 2004 1858 2035 aliis

133 2052 341 2091 compluribus
364 2053 455 2083 rebus
478 2062 512 2083 eo
536 2053 686 2092 adducor,
718 2058 751 2085 nt
780 2064 831 2093 ea,
863 2065 941 2094 quae
972 2056 1009 2086 de
1038 2057 1142 2087 Ixione
1170 2056 1252 2087 dicta
1279 2059 1368 2095 sunt,
1402 2056 1461 2087 alio
1490 2060 1629 2095 spectare
1661 2056 1857 2096 contendam,

134 2115 203 2136 nam
226 2105 251 2136 si
274 2105 439 2136 Pindarum
466 2106 540 2137 illud
572 2107 629 2137 sibi
655 2109 849 2146 proposuisse
880 2112 1102 2148 statueremus,
1134 2119 1196 2148 qua
1225 2110 1348 2140 ratione
1372 2109 1494 2140 laudem
1518 2109 1677 2143 Hieronis,
1710 2110 1857 2149 imprimis

135 2158 228 2189 verba
251 2167 357 2189 versus
381 2161 435 2189 66:
457 2159 568 2198 βουλαὶ
593 2160 628 2189 δὲ
651 2161 867 2200 πρεσβύτεραι
890 2165 945 2192 etc.
978 2162 1035 2192 illis
1062 2165 1182 2193 tantum
1206 2172 1265 2193 non
1290 2163 1435 2193 conviciis
1460 2163 1637 2200 convenire,
1667 2166 1698 2193 et
1720 2172 1797 2202 quae
1820 2163 1857 2194 de

135 2211 286 2242 beneficiis
309 2216 396 2250 grato
419 2213 520 2243 animo
544 2213 711 2244 referendis
740 2214 769 2244 in
797 2214 884 2245 initio
915 2216 1058 2246 carminis
1088 2216 1190 2254 posita
1220 2220 1307 2253 sunt,
1337 2224 1498 2254 quemnam
1524 2216 1563 2246 ad
1591 2216 1680 2246 finem
1702 2215 1755 2246 illa
1778 2216 1858 2247 dicta

135 2274 201 2295 esse
223 2266 424 2303 putaremus?
456 2266 533 2296 Nam
555 2275 650 2305 neque
675 2266 804 2306 Cinyrae
827 2272 858 2298 et
880 2268 1032 2306 virgInum
1055 2269 1273 2307 Zephyriarum
1295 2269 1479 2299 mentionem
1501 2269 1566 2299 sine
1589 2273 1671 2299 certo
1693 2269 1817 2300 consilio
1840 2278 1858 2300 a

134 2321 224 2357 poeta
252 2318 378 2348 carmini
406 2318 518 2349 lnnexa
551 2328 616 2350 esse
647 2320 794 2359 arbitror,
824 2330 921 2360 neque
952 2321 1034 2352 nihili
1065 2330 1145 2359 esse,
1184 2322 1265 2361 quod
1297 2322 1385 2353 Ixion
1415 2322 1590 2352 hominibus
1623 2322 1737 2360 ingrati
1764 2323 1858 2353 animi

136 2370 306 2410 exemplum
343 2380 409 2401 esse
438 2374 501 2402 tam
538 2372 651 2403 diserte
689 2373 802 2404 dicitur
840 2383 930 2405 versu
953 2376 1007 2405 21:
1053 2375 1166 2411 Ἰξίονα
1196 2375 1293 2415 ᾳαιντὶ
1322 2376 1425 2405 ταῦτα
1453 2377 1579 2414 βροτοῖς
1606 2375 1706 2414 λέγειν
1738 2393 1770 2396 -
1801 2375 1858 2405 τόν

137 2423 305 2462 εὐεργέταν
335 2423 468 2462 ιῖγιιίὀεΐς
502 2425 653 2465 ἀμοιβαῖς
684 2427 909 2466 ἐποιχομένους
948 2431 1113 2466 τίνεσθαι,
1156 2431 1188 2459 et
1223 2429 1333 2459 iterum
1369 2438 1457 2459 versu
1479 2431 1534 2458 41:
1573 2428 1608 2458 ἐν
1637 2428 1666 2457 δ’
1687 2428 1857 2468 ἀφύκτοισι

137 2476 317 2514 γυιοπέδαις
339 2477 450 2507 πεσών
472 2479 532 2508 τάν
553 2479 741 2509 πολύκοινον
763 2480 914 2516 ἀνδέξατ’
934 2481 1092 2519 ιῖγγελίαν.
