2066 2870
1015 768 1081 802 De

259 860 654 948 Pindari
717 864 1137 948 carmine
1188 861 1671 977 olympico
1721 861 1833 948 vl.

798 1016 1298 1086 disputatio.

281 1290 422 1344 »Aureas
455 1311 531 1342 bene
566 1314 724 1342 exstructo
762 1311 868 1342 domus
905 1310 1055 1342 vestibulo
1091 1310 1284 1350 subjicientes
1317 1309 1474 1341 columnas
1510 1310 1716 1349 aedificemus,
1754 1310 1848 1341 veluti
1880 1311 1905 1342 si

182 1365 356 1405 praeclaras
378 1364 468 1395 aedes
490 1364 653 1403 faciamus,
684 1365 854 1404 incipientis
882 1365 960 1395 enim
988 1364 1090 1403 operis
1120 1364 1253 1395 frontem
1283 1363 1369 1394 decet
1391 1372 1505 1403 ponere
1529 1363 1754 1403 splendentem
1786 1364 1812 1395 si
1836 1364 1905 1403 quis

182 1423 284 1450 autem
314 1419 354 1449 sit
382 1418 556 1457 Olympicus
586 1418 682 1449 victor
711 1427 841 1457 araeque
872 1417 1014 1449 fatidicae
1043 1417 1218 1457 praefectus
1252 1417 1341 1447 Pisae
1369 1419 1401 1448 et
1429 1417 1509 1447 inter
1537 1417 1710 1448 conditores
1743 1417 1905 1448 celebrium

183 1475 419 1511 Syracusarum,
462 1480 620 1510 quemnam
661 1471 711 1501 illc
748 1471 884 1510 defugiat
919 1471 1081 1510 hymnum,
1129 1474 1237 1501 nactus
1270 1479 1339 1501 eum
1378 1479 1439 1501 11011
1471 1470 1646 1501 invidorum
1684 1470 1792 1513 civium
1826 1470 1906 1502 inter

183 1525 400 1556 desiderabiles
430 1526 577 1555 cantus‘3«

280 1578 334 1608 His
356 1577 456 1608 1011115
488 1578 592 1616 incipit
619 1577 745 1608 Pindari
776 1587 897 1608 carmen
921 1577 1109 1616 Olympicum
1145 1580 1263 1608 sextum
1286 1577 1493 1616 conscriptum
1515 1576 1544 1607 in
1578 1576 1740 1615 Agesiam,
1772 1576 1906 1607 Sostrati

183 1631 294 1666 tilium,
324 1631 540 1670 Syracusium,
573 1631 623 1669 qui
647 1630 786 1670 Olympia
817 1631 890 1661 vicit
920 1630 1086 1661 secundum
1114 1630 1260 1661 Bocckhii
1289 1630 1424 1661 rationes
1450 1629 1495 1661 Ol.
1521 1632 1578 1669 78,
1611 1629 1691 1669 quod
1712 1638 1784 1660 num
1813 1629 1907 1660 fuerit

184 1685 327 1715 victoriae
357 1688 496 1723 tempus7
532 1693 591 1714 non
619 1684 735 1723 absque
766 1684 857 1715 dubio
886 1688 942 1714 est.
987 1684 1093 1723 Neque
1124 1693 1194 1714 vero
1226 1683 1273 1713 hic
1302 1683 1339 1714 de
1369 1683 1562 1722 temporibus
1594 1683 1762 1713 carminum
1783 1682 1906 1713 Pindari

184 1737 341 1777 disputare
365 1737 437 1768 mihi
460 1737 619 1776 proposui,
644 1737 695 1776 qui
718 1747 784 1768 cum
806 1738 905 1776 primo
929 1737 959 1767 in
982 1737 1060 1768 hanc
1085 1737 1295 1776 quaestionem
1316 1736 1380 1767 late
1400 1739 1558 1775 patentem
1581 1735 1637 1767 hoc
1658 1735 1760 1766 libello
1784 1735 1906 1766 uberius

183 1791 337 1829 inquirere
362 1790 390 1820 111
409 1791 509 1821 animo
532 1790 708 1827 habuerim,
736 1800 816 1821 nunc
838 1790 1005 1821 officiorum
1029 1790 1173 1821 oneribus
1195 1799 1318 1829 pressus
1341 1799 1376 1820 eo
1399 1790 1454 1820 sim
1477 1789 1608 1827 delatus,
1630 1792 1665 1819 ut
1686 1788 1906 1819 confectionem

185 1843 317 1874 inchoati
341 1844 441 1882 operis
475 1844 642 1883 desperans
670 1852 784 1882 pauca,
813 1852 889 1882 quae
914 1843 995 1874 forte
1026 1843 1149 1874 fortuna
1177 1853 1208 1874 sc
1232 1843 1421 1876 obtulerunt.
1443 1842 1560 1873 delecta
1583 1844 1717 1873 tractare
1739 1842 1905 1873 instituam.

283 1897 411 1931 :mesiae
438 1897 534 1935 igitur
569 1897 725 1927 victoriam
764 1896 912 1927 Pindarus
940 1896 1068 1935 epinicio
1101 1896 1313 1927 celebraturus
1343 1896 1486 1935 inopere
1514 1895 1725 1931 instituendo¹
1760 1904 1820 1934 quo
1851 1894 1906 1926 fiat

185 1949 397 1988 spectabilius,
427 1949 585 1980 architecti
608 1950 727 1980 ratione
753 1949 825 1980 dicit
848 1950 994 1980 utendum
1019 1959 1098 1987 0550,
1132 1950 1182 1989 qui
1207 1958 1315 1980 aureas
1338 1949 1494 1979 columnas
1516 1949 1637 1979 aedium
1659 1948 1811 1979 vestibulo
1834 1948 1905 1979 sub-

184 2002 279 2040 jiciat.
324 2003 409 2040 Quod
435 2012 510 2041 opus
535 2003 625 2041 quale
647 2002 884 2041 intellegendum
910 2003 957 2034 sit.
981 2003 1035 2033 viri
1057 2003 1137 2034 docti
1161 2003 1248 2033 valde
1271 2003 1453 2041 discrepant.
1498 2002 1576 2033 Sunt
1598 2002 1686 2039 enim⁷
1707 2002 1757 2040 qui
1777 2001 1905 2032 aedibus

186 2055 369 2094 respondere
390 2055 485 2086 1011111
509 2055 566 2086 hoc
588 2057 686 2094 ipsum
703 2056 872 2095 epinicium.
893 2060 925 2086 ut
949 2056 1106 2086 columnae
1127 2065 1237 2087 aureae
1259 2056 1322 2087 sint
1344 2056 1435 2087 verba
1458 2055 1487 2086 in
1509 2054 1674 2094 primordio
1697 2055 1806 2093 posita,
1829 2064 1905 2093 quae

185 2108 348 2148 splendore
371 2118 442 2147 suo,
473 2112 505 2139 ut
527 2109 685 2140 columnae
714 2109 823 2147 1101105,
854 2118 973 2139 carmen
1002 2109 1120 2147 insigne
1143 2109 1285 2140 reddant.
1341 2109 1397 2139 His
1421 2108 1605 2139 adversatur
1627 2108 1673 2138 vir
1693 2116 1783 2138 verae
1805 2107 1905 2147 poesis

186 2161 231 2192 vel
259 2161 576 2200 intellegentissimus,
605 2162 633 2192 111
657 2162 789 2192 Pindaro
821 2162 1041 2200 perscrutando
1073 2161 1150 2192 idem
1179 2162 1415 2199 subtilissimus,
1448 2161 1482 2192 L.
1502 2161 1699 2199 Schmidtius,
1723 2163 1904 2199 praeceptor

185 2223 269 2245 meus
291 2213 514 2245 dilectissimus.
558 2215 588 2245 Is
610 2215 639 2245 in
661 2214 759 2253 1111111,
792 2224 879 2253 11110111
909 2215 1077 2253 inscripsit:
1111 2215 1260 2246 »Pindars
1283 2214 1385 2245 Lebon
1419 2215 1482 2245 und
1506 2213 1677 2252 Dichtung«
1700 2223 1729 2252 p.
1752 2216 1808 2244 275
1830 2222 1905 2253 sqq„

186 2267 236 2297 ubi
259 2267 295 2297 dc
318 2267 456 2297 versibus
479 2270 597 2298 82—91
631 2267 784 2306 disputat,
818 2268 847 2297 in
879 2267 915 2298 iis
944 2267 1130 2307 explicandis
1161 2278 1195 2298 eo
1229 2268 1369 2306 ducitur,
1401 2270 1435 2297 ut
1464 2267 1631 2298 Pindarum
1654 2269 1753 2297 totum
1784 2275 1904 2297 carmen

186 2329 274 2350 suum
305 2320 489 2351 vestibulum
521 2320 672 2359 quoddam
705 2321 890 2351 intellexisse
923 2320 1088 2351 contendat
1116 2321 1144 2351 h.
1167 2331 1191 2351 0,
1228 2321 1347 2351 initium
1369 2320 1560 2359 splendidum
1588 2319 1657 2350 festi
1687 2319 1761 2358 (liei,
1791 2320 1841 2358 qui
1873 2319 1904 2350 in

185 2373 312 2403 ⁷Iunonis
336 2372 484 2404 honorem
507 2373 676 2413 Stymphali
702 2374 730 2404 111
756 2373 831 2404 urbe
852 2373 1001 2404 Arcadiae
1022 2373 1144 2405 habitus
1167 2377 1197 2404 et
1216 2377 1287 2412 post
1309 2373 1468 2412 epinicium
1492 2376 1650 2404 cantatum
1674 2372 1741 2403 aliis
1763 2372 1904 2411 deinceps

187 2425 315 2464 hymnis,
339 2426 486 2465 imprimis
511 2426 621 2466 hymno
645 2427 674 2457 in
698 2427 849 2457 Junonem
872 2436 890 2457 a
912 2430 1002 2465 poeta
1027 2427 1156 2466 quodam
1177 2427 1342 2464 Arcadiae,
1371 2427 1482 2463 Aenea,
1507 2425 1639 2457 confecto
1661 2425 1832 2456 celebratus
1854 2425 1903 2456 sit.

187 2479 231 2509 De
255 2488 315 2517 quo
338 2478 401 2510 loco
423 2483 531 2518 postea
561 2481 732 2511 accuratius
756 2479 931 2510 videamus:
964 2489 1042 2510 nunc
1066 2480 1120 2511 hoc
1144 2489 1235 2510 unum
1260 2479 1507 2518 praecipiendum
1533 2478 1672 2517 videtur,
1705 2487 1801 2517 neque
1824 2478 1903 2509 diem

1685 2545 1697 2569 1
